2865 3681
301 329 388 371 cius
410 329 612 384 Spurinna
640 329 703 371 vir
734 342 827 371 cum
859 328 979 370 laude
1010 328 1158 370 bellica
1188 330 1278 370 tum
1308 342 1466 371 morum
1498 329 1737 384 integritate
1758 328 1930 382 insignis
1949 323 2412 410 commemorandffs‘oet
2428 289 2654 383 ms?
2675 315 2678 319 ⁴

299 406 361 448 III
395 407 438 457 1,
482 407 505 448 7
537 406 697 449 Plinius
741 404 842 447 dicit
887 406 1059 459 utraque
1091 404 1234 461 lingua
1263 405 1392 461 lyrica
1432 406 1669 449 doctissima
1705 406 1981 461 scripsisse.⁴)
2042 405 2092 448 de
2123 404 2224 449 Silio
2252 384 2557 466 mgr&

299 482 360 524 ΠΙ
395 483 461 533 15,
497 484 516 525 1
551 495 576 525 a
605 482 740 525 Plinio
771 481 948 536 petierat
979 483 1026 523 ut
1056 481 1307 525 examinaret
1337 496 1434 524 num
1465 483 1647 525 carmina
1677 496 1750 525 sua
1779 483 1906 538 digna
1935 485 2072 525 essent
2101 472 2278 542 quaein
2296 469 2432 525 11166111
2458 466 2554 536 pro·

299 558 524 610 ferrentur,
555 559 660 601 nihil
692 555 864 600 constat.
927 557 1074 598 Arrius
1104 560 1243 600 autem
1280 559 1511 600 Antoninus
1556 559 1614 600 IV
1644 560 1691 608 3,
1730 560 1756 600 4
1797 559 1954 601 iambos
1984 559 2361 612 epigrammataque
2392 556 2551 604 Graeca

299 636 525 678 confecerat
566 637 607 677 et
643 632 806 676 Sentius
842 633 1079 687 Augurinus
1120 634 1300 676 Plinium
1342 634 1591 677 carminibus
1631 634 1909 677 celebraverat
1948 635 2315 688 argumentumque
2354 633 2436 676 sibi
2464 635 2553 676 tra—

297 711 491 753 ctandum
522 711 753 764 sumpserat
782 709 888 763 quod
919 711 1110 762 patronus
1143 711 1377 760 „interdum
1409 711 1593 753 versibus
1622 710 1752 752 ludit''
1784 711 1840 751 IV
1872 711 1946 759 27,
1980 712 2019 751 3.
2081 709 2280 753 accedunt
2309 709 2554 764 Calpumius

298 786 392 828 Piso
419 787 488 839 qui
519 787 555 827 V
591 786 656 835 17,
692 786 717 826 2
761 785 991 835 „recitabat
1036 780 1455 848 καταστερισμεῖν
1499 786 1704 829 eruditam
1736 799 1832 828 sane
1870 786 2200 839 luculentamque
2230 784 2449 829 materiam
2471 817 2481 828 .
2505 818 2515 828 .
2540 817 2550 827 .

297 863 449 917 scripta
469 862 597 916 elegis
618 863 707 903 erat
727 861 948 903 fluentibus
970 864 1011 903 et
1031 863 1182 904 teneris
1204 865 1245 904 et
1272 863 1491 904 enodibus”
1523 864 1565 904 et
1585 862 1815 904 Passennus
1836 862 2016 912 Paullus,
2049 862 2118 915 qui
2151 861 2209 903 VI
2233 862 2300 911 15,
2325 862 2343 902 1
2386 861 2551 917 „elegos

298 939 476 990 scribit''‚
508 937 566 979 IX
590 939 659 987 22,
687 939 702 978 1
750 938 819 988 „in
850 938 999 981 litteris
1029 942 1188 981 veteres
1210 940 1440 981 aemulatur
1467 938 1658 993 exprimit
1687 937 1836 988 reddit,
1868 937 1910 980 in
1942 938 2085 992 primis
2115 937 2387 993 Pr0pertium,
2417 950 2443 980 a
2471 949 2549 993 quo

295 1027 424 1070 genus
465 1015 578 1055 ducit
621 1047 628 1054 .
674 1047 682 1054 .
726 1027 853 1067 nuper
895 1014 945 1055 ad
985 1015 1113 1069 lyrica
1154 1015 1320 1057 deflexit
1365 1016 1406 1056 in
1438 1016 1585 1068 quibus
1616 1016 1674 1057 ita
1707 1014 1922 1057 Horatium
1954 1017 2002 1057 ut
2032 1014 2072 1056 in
2105 1014 2188 1057 illis
2216 1014 2332 1057 illum
2375 1014 2550 1058 alterum

296 1092 493 1147 effingit.’'
561 1092 708 1134 seriem
740 1093 884 1133 horum
915 1094 1126 1146 poetarum
1169 1092 1414 1135 concludunt
1444 1093 1651 1147 Vergilius
1682 1092 1889 1135 Romanus
1919 1091 2090 1146 scriptor
2121 1090 2453 1134 mimiamborum
2481 1102 2549 1134 oo-

232 1214 235 1217 ,
295 1167 547 1211 moediarum
575 1167 849 1209 Menandrum
872 1169 1051 1222 aliosque
1073 1169 1257 1210 eiusdem
1288 1170 1435 1211 aetatis
1467 1170 1695 1211 aemulatus
1726 1169 1800 1222 (VI
1823 1164 1891 1217 2'1,
1916 1169 1959 1221 4)
1991 1171 2033 1211 et
2053 1168 2247 1210 Caninius
2266 1166 2398 1210 Rufus
2426 1180 2546 1221 quem

294 1244 452 1285 Plinius
472 1244 570 1284 VIII
592 1246 632 1294 4,
670 1245 688 1284 1
724 1245 910 1286 hortatus
942 1248 1030 1287 erat
1063 1247 1109 1287 ut
1139 1246 1248 1287 bella
1278 1259 1303 1287 a
1333 1246 1507 1288 Traiano
1538 1249 1679 1288 contra
1698 1245 1831 1288 Dacos
1862 1245 2043 1288 confecta
2064 1243 2231 1287 Graecis
2260 1243 2447 1287 versibus
2476 1242 2550 1286 de-

295 1321 490 1362 scriberet
519 1320 644 1373 ntque
691 1320 749 1360 IX
791 1321 846 1361 35
863 1353 872 1370 ,
909 1322 926 1361 1
979 1320 1090 1362 aliud
1133 1323 1421 1376 argumentum
1462 1322 1632 1377 dignum
1673 1320 1898 1364 laetissimo
1935 1320 2135 1362 altissimo
2165 1319 2362 1374 planeque
2391 1319 2549 1374 poetico

295 1396 459 1450 ingenio
489 1396 749 1437 tractandum
784 1397 863 1437 sibi
897 1400 1088 1446 sumeret,
1121 1397 1192 1438 ubi
1225 1398 1501 1452 intellegenda
1532 1400 1627 1440 sunt
1657 1398 1762 1439 mira
1793 1398 1842 1439 de
1874 1397 2063 1450 delphino
2094 1396 2165 1437 1110
2196 1395 2264 1448 (1111
2294 1394 2475 1437 officium
2506 1395 2549 1437 et

294 1485 473 1513 amorem
503 1471 615 1526 pueri
649 1471 925 1526 Hipponensis
955 1476 1085 1516 morte
1116 1474 1240 1517 luisse
1272 1474 1433 1517 dicitur.
1450 1476 1490 1528 ⁵)

468 1549 624 1590 Horum
656 1551 881 1603 poetarum,
916 1550 950 1592 si
985 1552 1127 1604 poetae
1160 1550 1397 1594 nominandi
1433 1552 1550 1601 sunt,
1593 1564 1639 1593 ac
1680 1563 1758 1592 non
1799 1549 2114 1597 versificatores,
2161 1560 2280 1602 opera
2311 1547 2546 1602 ingeniique

294 1624 542 1666 monimenta
573 1627 803 1678 temporum
832 1626 1050 1679 iniquitate
1081 1628 1196 1668 nobis
1229 1627 1380 1669 amissa
1411 1641 1498 1670 esse
1529 1641 1574 1669 60
1605 1627 1739 1681 magis
1769 1627 1966 1675 dolemus,
1999 1625 2106 1679 quod
2137 1625 2172 1666 si
2193 1624 2317 1666 Plinii
2351 1622 2545 1666 iudicium

292 1701 497 1753 sequimur
541 1713 682 1742 omnes
728 1702 812 1743 fere
858 1702 910 1743 ad
954 1703 1135 1744 carmina
1175 1703 1384 1745 condenda
1426 1703 1512 1745 nati
1549 1685 1707 1757 poetica
1736 1703 1912 1756 quadam
1945 1701 2097 1744 virtute
2130 1700 2321 1743 videntur
2352 1699 2547 1751 floruisse.

292 1777 361 1819 sed
392 1790 489 1819 cave
520 1790 570 1819 ne
601 1776 643 1819 in
674 1791 851 1821 errorem
879 1778 1049 1822 incidas.
1112 1779 1293 1834 plerique
1325 1780 1434 1823 enim
1465 1792 1554 1823 eam
1587 1779 1638 1822 ob
1660 1791 1824 1822 causam
1856 1792 1881 1821 a
1902 1778 2035 1820 Plinio
2067 1789 2226 1819 summa
2258 1776 2377 1818 laude
2398 1775 2549 1818 adfecti

292 1856 399 1905 sunt,
431 1855 525 1909 quia
556 1853 691 1909 ipsum
723 1854 766 1896 in
797 1855 1047 1899 carminibus
1079 1856 1199 1899 laude
1231 1841 1535 1900 exornaverant.
1597 1869 1727 1911 neque
1748 1856 1877 1912 igitur
1898 1855 2048 1897 mirum
2071 1854 2231 1897 videtur
2262 1854 2368 1908 quod
2390 1854 2548 1895 Plinius

290 1931 434 1973 iisdem
466 1931 549 1974 fere
580 1932 716 1974 verbis
747 1946 813 1976 eos
843 1933 1005 1976 tumida
1035 1933 1212 1988 quadam
1243 1917 1497 1977 circumtulit
1527 1934 1843 1989 praedicatione,
1876 1933 1935 1975 ita
1965 1935 2012 1975 ut
2041 1931 2157 1974 nobis
2176 1932 2434 1974 stomachum
2463 1930 2547 1974 fere

290 2008 443 2050 faciant
483 2008 681 2062 epistulae
724 2009 936 2052 blanditiis
979 2010 1410 2066 adsentationibusque
1450 2011 1677 2065 turgentes
1758 2010 1939 2052 conferas
1986 2009 2109 2051 velim
2150 2021 2252 2062 (11130
2297 2008 2455 2048 Plinius
2495 2007 2546 2048 ad

294 2084 459 2126 Arrium
483 2085 734 2128 Antoninum
769 2086 825 2128 IV
858 2087 896 2133 3,
932 2088 956 2128 4
991 2100 1091 2141 sqq.,
1124 2099 1227 2141 quae
1260 2087 1310 2130 de
1342 2087 1480 2130 Sentio
1502 2086 1715 2142 Augurino
1747 2086 1799 2128 ad
1819 2086 2058 2140 Pompeium
2080 2085 2296 2126 Falconem
2328 2085 2386 2124 IV
2417 2084 2486 2133 27,
2523 2084 2538 2123 1

290 2163 330 2202 et
363 2163 406 2207 5:
445 2162 495 2203 ad
528 2161 712 2204 Sentium
745 2163 1005 2216 Augurinum
1040 2164 1175 2217 ipsum
1207 2163 1265 2206 IX
1299 2164 1339 2214 8,
1376 2165 1424 2213 l:
1466 2176 1568 2218 quae
1600 2163 1649 2206 de
1681 2163 1881 2206 Vestricio
1913 2161 2115 2217 Spurinna
2146 2161 2197 2204 ad
2229 2160 2454 2203 Calvisium
2487 2159 2545 2200 ΙΠ

292 2237 329 2282 l,
365 2237 411 2281 7:
455 2237 504 2281 de
537 2238 718 2292 Vergilio
750 2239 930 2282 Romano
969 2239 1019 2281 ad
1054 2239 1271 2281 Caninium
1302 2240 1358 2281 VI
1392 2241 1471 2289 21,
1514 2241 1539 2282 2
1573 2242 1614 2282 et
1645 2241 1690 2283 4:
1733 2240 1782 2281 (16
1814 2240 2018 2280 Ρ333611110
2050 2238 2192 2278 Paullo
2233 2238 2284 2278 ad
2317 2238 2542 2277 Romanum

288 2312 343 2354 VI
380 2313 443 2357 15.
482 2315 500 2356 1
536 2317 576 2357 et
607 2315 657 2358 ad
688 2315 881 2359 Severum
916 2316 969 2358 lx
1006 2317 1073 2359 22.
1112 2318 1125 2357 l
1167 2316 1342 2370 scripsit.
1407 2315 1512 2358 unde
1543 2316 1730 2357 efficitur.
1765 2328 1887 2369 (1113111
1919 2315 2287 2355 consideratissinw
2319 2313 2359 2352 in
2392 2312 2544 2352 diiudi-

2678 299 2723 341 D
2692 262 2709 280 ,ε

437 2535 465 2576 ⁴)
490 2535 655 2570 Carmina
680 2536 743 2570 illa
768 2538 934 2580 quattuor
960 2548 1047 2580 quae
1066 2538 1168 2580 (susp.
1190 2536 1336 2571 Barthio
1361 2540 1500 2570 auctore
1530 2538 1553 2570 l.
1572 2539 1610 2568 (“.
1629 2536 1878 2570 Wernsdorfius
1904 2535 1986 2569 olim
2008 2534 2178 2568 Vestricio
2196 2534 2390 2577 Spurinnae
2410 2533 2543 2567 adseri·

286 2594 404 2634 pserat
429 2602 505 2626 cum
540 2592 603 2628 1111.
631 2593 757 2628 Hel-lio
790 2594 908 2631 ..iiber
937 2593 1001 2626 (1611
1032 2593 1153 2627 Wertli
1180 2593 1241 2627 der
1264 2593 1563 2635 Briefsannnlung
1594 2594 1653 2628 (163
1674 2593 1843 2637 jungerer)
1871 2592 2008 2625 Plinius
2035 2593 2068 2625 111
2097 2592 2215 2633 Bezug
2245 2591 2308 2625 auf
2330 2591 2541 2626 (leschichte

285 2649 346 2683 der
372 2649 576 2685 Remisehen
604 2651 835 2692 [litteratus]
885 2651 994 2686 Bresl.
1024 2652 1125 2685 18:33.
1176 2662 1208 2695 p.
1235 2651 1280 2684 29
1306 2652 1426 2695 spuria
1450 2654 1486 2684 et
1510 2662 1531 2685 a
1556 2650 1722 2684 monacho
1747 2648 1895 2693 (1110(13111
1923 2650 2078 2692 profecta
2104 2660 2178 2683 esse
2203 2649 2327 2684 iudico.

429 2734 457 2776 ⁵)
482 2733 553 2768 Nec
579 2745 660 2769 vero
686 2738 824 2769 cunstat
851 2736 1034 2769 materiam
1061 2738 1239 2769 narratam
1258 2734 1445 2768 Caninium
1472 2734 1616 2768 carmini
1644 2733 1843 2777 praebuisse
1869 2743 1980 2776 neque
2006 2743 2045 2766 ex
2072 2732 2122 2766 eis
2148 2732 2262 2766 verbis
2287 2743 2375 2777 quae
2401 2732 2545 2778 scripsit

284 2791 423 2825 Plinius
447 2792 530 2826 VIJJ
555 2786 588 2834 4,
614 2795 654 2827 5:
705 2794 878 2834 „inmitte
904 2794 1077 2835 rudentes,
1107 2793 1218 2838 pande
1244 2793 1333 2833 vela,
1358 2804 1398 2827 ac
1423 2795 1452 2827 si
1478 2794 1616 2838 quando
1640 2793 1740 2832 alias,
1766 2795 1840 2828 toto
1866 2792 2006 2836 ingenio
2032 2792 2155 2842 vellere
2165 2793 2183 2804 '¹
2212 2793 2237 2829 1.
2264 2792 2413 2828 Η61(11113
2438 2804 2470 2839 p.
2501 2795 2544 2828 19

284 2852 376 2884 recte
401 2849 582 2892 collegisse
606 2851 693 2886 mihi
720 2849 875 2890 videtur,
919 2852 1109 2887 Caninium
1142 2852 1211 2887 iam
1242 2854 1304 2887 aut
1335 2863 1473 2887 carmen
1505 2851 1593 2887 illud
1626 2851 1668 2886 (16
1699 2863 1766 2896 (1110
1792 2851 1909 2895 agitur
1935 2851 2124 2886 confecisse
2150 2854 2211 2886 aut
2237 2852 2422 2892 recitasse,
2464 2863 2543 2888 cum

285 2908 387 2951 poeta
411 2917 512 2951 quem
539 2909 830 2944 excellentissimo
858 2910 997 2953 ingenio
1017 2914 1179 2945 ornatum
1196 2910 1463 2954 litterarumque
1490 2911 1524 2943 in
1550 2911 1672 2953 primis
1699 2911 1812 2952 poesis
1836 2910 2136 2945 studiosissimum
2154 2911 2262 2959 fuisse
2280 2911 2420 2952 scimus,
2446 2911 2541 2946 aliud

283 2969 529 3009 argumentum
554 2968 793 3014 qualecunque
819 2973 910 3004 esset
936 2970 1160 3004 tractandum
1186 2970 1254 3004 sibi
1280 2970 1466 3013 sumpsisse
1493 2968 1669 3012 putandus
1694 2968 1751 3002 sit.
1785 2968 1844 3003 sed
1870 2968 1936 3003 1106
1960 2969 2037 3003 1060
2062 2970 2162 3014 quasi
2181 2969 2396 3014 praeteriens
2421 2981 2543 3005 moneo

282 3024 309 3058 Ι.
335 3024 382 3058 Μ.
408 3023 598 3060 Gesnerum
625 3037 646 3060 a
671 3027 788 3062 Plinio
813 3029 1004 3062 excitatum
1031 3031 1072 3061 ut
1097 3027 1186 3062 illud
1213 3030 1366 3062 sumeret
1390 3033 1635 3070 argumentum
1661 3028 1842 3062 carminis.
1878 3040 1945 3071 (1110
1970 3028 2136 3063 honorem
2160 3028 2307 3064 haberet
2338 3029 2449 3064 veteri
2481 3040 2542 3063 suo

283 3086 318 3116 ct
342 3082 539 3118 litterarum
565 3086 721 3120 omnium
747 3086 781 3120 in
801 3087 999 3121 vinariensi
1028 3086 1109 3120 aula
1132 3089 1290 3131 patrono,
1316 3097 1454 3120 carmen
1481 3084 1568 3119 illud
1588 3085 1817 3129 epistularum
1840 3087 2078 3121 Plinianarum
2098 3087 2241 3120 editioni
2270 3088 2314 3121 ab
2341 3087 2414 3131 ipso
2442 3087 2541 3121 insti-

283 3144 381 3176 tutae
406 3141 592 3177 addidisse.

2265 3230 2271 3259 1
2312 3230 2328 3246 ²8
