2865 3681
1384 248 1422 289 4

275 386 418 427 caudis
458 386 623 427 illorum
668 386 846 427 virorum
887 398 985 439 erga
1025 384 1186 428 litteras
1216 384 1421 429 Romanas
1461 387 1622 431 meritis
1653 388 1780 431 Plinii
1819 388 1931 431 dicta
1971 388 2087 431 nobis
2130 388 2393 442 expendenda
2438 402 2540 434 esse.

275 473 380 515 quae
410 445 508 503 cuxia-
534 461 833 516 inconsiderate
864 473 1039 515 expensa
1069 462 1220 510 essent,
1251 461 1407 504 factum
1437 464 1502 504 est
1532 464 1579 504 ut
1609 463 1679 516 qui
1700 463 1883 505 Plinium
1913 463 1966 506 ad
1996 463 2278 506 diiudicandos
2309 464 2402 507 illos
2433 466 2540 508 viros

274 537 526 591 permultum
555 536 692 579 valere
720 536 920 579 iubebant
947 537 1038 585 ,eius
1067 537 1284 580 sententiis
1314 538 1486 580 nimiam
1515 538 1602 579 vim
1633 538 1876 582 tribuerent.
1935 540 2006 583 sed
2026 540 2206 595 primum
2231 539 2457 583 tenendum
2477 543 2540 584 est

276 611 456 654 Plinium
487 624 535 654 ea
565 624 669 665 quae
699 611 905 655 sentiebat
936 611 986 656 de
1017 612 1101 654 illis
1131 612 1233 655 viris
1264 625 1343 655 non
1382 615 1430 656 ut
1460 613 1761 666 Quintilianum
1793 615 2033 657 Suetonium
2064 615 2165 657 alios
2198 614 2341 657 doctae
2372 615 2538 658 cuidam

275 687 543 742 disputationi
573 687 646 730 sed
676 687 884 742 epistulis,
926 702 1029 742 quae
1060 702 1085 731 a
1114 688 1278 732 dicendi
1308 702 1458 743 genere
1489 689 1541 731 ad
1572 689 1685 743 leges
1722 692 1765 732 et
1795 694 2012 745 praecepta
2042 692 2143 733 artis
2174 685 2371 733 adstricto
2403 691 2539 734 solent

277 758 494 806 abhorrere
508 795 519 813 ,
561 763 781 807 inseruisse
811 764 1024 819 ipsumque
1062 763 1283 808 discrimen
1313 764 1477 820 aliquod
1508 765 1552 818 in
1589 765 1702 807 vario
1732 778 1882 821 genere
1913 766 2117 810 scribendi
2149 766 2420 809 constituisse.
2487 768 2540 809 ad

273 839 467 883 Tacitum
498 840 609 883 enim
641 840 698 882 VI
731 842 803 892 18,
837 842 892 882 22
929 841 1095 896 scripsit
1124 841 1227 884 haec
1256 843 1403 885 verba:
1465 842 1585 885 aliud
1624 846 1682 884 est
1721 842 1942 896 effistulam
1978 843 2097 885 aliud
2133 843 2372 893 historiam,
2421 843 2540 885 aliud

271 917 404 958 amico
433 916 555 959 aliud
582 917 769 959 omnibus
796 918 979 959 seribere.
1031 918 1274 971 quibuscum
1305 931 1384 960 non
1416 919 1636 961 dissentire
1667 920 1765 972 puto
1797 931 1844 960 ea
1876 932 1978 972 quae
2000 919 2129 960 Fusco
2150 918 2357 973 praecepit
2379 918 2538 960 Plinius

272 993 351 1035 VH
381 995 408 1039 9
423 1026 433 1044 ,
467 993 492 1035 8
522 994 609 1036 volo
637 994 857 1047 epistulam
893 994 1134 1049 diliyentv‘us
1171 996 1348 1046 scribas,
1395 1010 1496 1037 nam
1541 1031 1549 1038 .
1586 1031 1593 1038 .
1629 1030 1637 1037 .
1673 1009 1845 1049 pressus
1872 1008 2004 1038 semea
2027 1009 2241 1049 ymmtsque
2271 1011 2322 1037 ezr.
2352 995 2539 1048 effistulis

264 1071 437 1122 peti-tur.
500 1069 659 1113 accedit
687 1069 794 1123 quod
814 1069 975 1111 Plinius
1005 1082 1146 1113 omnes
1176 1071 1259 1113 fere
1290 1070 1382 1112 illos
1412 1071 1521 1113 viros
1552 1084 1651 1125 quos
1671 1083 1792 1125 supra
1813 1071 2222 1113 commemoravimus
2247 1071 2350 1113 solet
2370 1070 2539 1113 laudare

270 1146 315 1187 in
346 1145 535 1199 epistulis
565 1158 666 1199 quas
696 1148 770 1189 aut
800 1146 853 1188 ad
884 1159 952 1189 eos
982 1146 1093 1200 ipsos
1129 1149 1202 1189 aut
1240 1147 1292 1189 ad
1329 1147 1430 1189 alios
1468 1160 1514 1190 eo
1556 1148 1694 1190 animo
1725 1146 1889 1201 scripsit
1925 1148 1972 1188 ut
2009 1146 2101 1188 illos
2139 1145 2442 1189 commendaret
2472 1147 2538 1189 vel

272 1224 319 1265 ut
349 1221 400 1265 de
431 1222 563 1265 morte
594 1234 733 1265 eorum
765 1222 919 1265 amicos
949 1207 1104 1266 faceret
1134 1224 1338 1267 certiores.
1400 1224 1471 1267 sed
1503 1224 1677 1268 eandem
1698 1223 1957 1278 diligentiam
1988 1235 2111 1278 quam
2143 1223 2186 1264 iu
2207 1223 2396 1265 omnibus
2417 1223 2539 1265 rebus

270 1298 495 1353 plurimum
525 1297 663 1340 valere
695 1300 857 1340 constat
887 1298 1165 1341 adhibendam
1201 1312 1286 1341 esse
1318 1298 1472 1348 iudico,
1505 1300 1540 1341 si
1578 1300 1787 1353 quaeritur
1819 1300 1937 1352 quale
1966 1299 2093 1341 fuerit
2123 1299 2247 1340 Plinii
2279 1299 2462 1339 studium
2493 1299 2538 1338 in

269 1377 360 1417 arte
389 1374 549 1429 poetica
580 1374 806 1416 exercenda
826 1377 1127 1430 consumptum.
1190 1388 1281 1417 cum
1312 1375 1422 1417 enim
1444 1375 1571 1416 Plinii
1602 1376 1738 1418 aetate
1770 1374 1946 1416 hominis
1977 1375 2123 1417 urbani
2154 1376 2262 1417 esset
2282 1376 2416 1416 artem
2437 1386 2537 1428 poe-

269 1450 397 1494 ticam
428 1449 655 1505 attingere,
697 1450 741 1492 id
772 1450 878 1504 quod
911 1450 1222 1494 recitationibus
1252 1463 1353 1505 quae
1385 1450 1578 1492 dicuntur
1608 1451 1660 1493 ab
1692 1450 1836 1492 Asinio
1867 1450 2048 1492 Pollione
2080 1450 2283 1492 institutis
2316 1450 2537 1492 admodum

269 1526 624 1583 amplificabatur:
686 1526 777 1570 fieri
808 1539 887 1569 non
918 1527 1052 1581 potuit
1081 1527 1179 1582 quin
1212 1527 1368 1569 Plinius
1408 1528 1459 1569 ab
1497 1539 1641 1574 acervo
1678 1528 1985 1569 adsentatorum
2017 1527 2319 1568 circumventus
2350 1527 2454 1568 mori
2486 1528 2538 1568 ab

269 1604 511 1658 aequalibus
542 1606 706 1658 recepto
737 1603 993 1658 indulgeret,
1036 1617 1114 1658 quo
1151 1605 1303 1646 maiore
1344 1604 1600 1658 benignitate
1631 1607 1843 1659 poetarum
1874 1608 1921 1646 ut
1951 1604 2120 1646 Antonii
2152 1604 2381 1654 Saturnini,
2424 1604 2537 1645 Arrii

268 1679 484 1728 Antonini,
516 1679 725 1722 Martialis
755 1679 926 1722 aliorum
949 1680 1115 1734 ingenia
1135 1680 1283 1722 fovisse
1313 1680 1434 1733 inque
1466 1692 1606 1722 eorum
1628 1680 1963 1723 consuetudinem
1984 1680 2145 1734 penitus
2177 1693 2264 1723 sese
2286 1681 2537 1722 immersisse

269 1755 490 1797 diceretur.
553 1755 623 1796 sed
665 1755 800 1808 ipsum
840 1755 1074 1807 loquentem
1105 1756 1342 1796 audiamus:
1377 1758 1558 1808 matiam.
1588 1759 1731 1809 ipsam
1758 1757 2060 1809 reliyiosissim
2089 1772 2253 1798 veneror
2285 1756 2344 1797 ΙΠ
2380 1757 2451 1803 15,
2486 1758 2535 1804 2;

267 1845 497 1885 voumquam-
529 1846 556 1872 a
578 1833 734 1884 poetice
763 1831 925 1873 alimum
951 1833 1020 1884 titi
1033 1864 1042 1882 ,
1085 1834 1186 1885 quin
1216 1834 1340 1873 etia—m
1380 1833 1703 1886 quamam-decim
1733 1837 1857 1874 natus
1887 1846 2015 1874 armos
2045 1833 2251 1874 Graecam
2282 1832 2536 1885 trayoediam

266 1908 420 1961 scripsi
443 1941 451 1949 .
478 1941 486 1949 .
509 1920 604 1949 mos
635 1920 725 1948 mm
755 1921 777 1948 e
805 1907 962 1949 militia.
991 1907 1155 1950 redimes
1183 1910 1226 1950 ἐν
1261 1909 1403 1951 Icaria
1433 1908 1575 1951 insula
1605 1909 1735 1951 ventis
1764 1908 1975 1959 aetium-er,
2007 1909 2183 1968 Latinos
2212 1908 2337 1962 ePeyos
2365 1909 2409 1949 in
2431 1907 2537 1948 mad

268 1984 409 2037 ipsum
439 1997 556 2026 mare
583 1984 802 2037 ‘ipsamque
839 1984 932 2036 feci.
993 1988 1186 2037 expertus
1216 1998 1308 2025 sum
1344 1998 1407 2025 me
1447 1984 1671 2039 aliquando
1706 1989 1743 2026 et
1772 1985 1900 2034 heroo,
1932 1984 2278 2038 hendecasyllabis
2309 1997 2417 2024 nunc
2445 1985 2536 2035 pri-

267 2073 382 2102 mum
412 2058 491 2100 VII
522 2060 563 2108 4,
597 2059 623 2100 2
655 2071 742 2112 sqq.
804 2045 951 2101 deinde
982 2071 1075 2101 cum
1107 2059 1252 2101 Pontio
1283 2072 1361 2101 non
1392 2061 1525 2102 nullos
1555 2072 1696 2103 versus
1728 2059 2004 2102 communicat
2034 2059 2140 2113 (VII
2171 2061 2212 2108 4,
2246 2059 2319 2113 6),
2352 2059 2417 2100 cui
2449 2058 2536 2100 loco

267 2135 301 2176 Ι.
333 2135 392 2177 M.
426 2134 634 2177 Gesnerus
674 2137 794 2178 acute
836 2136 935 2178 haec
975 2136 1101 2178 verba
1138 2136 1319 2179 addidit:
1379 2149 1651 2191 „quacunque
1693 2136 1775 2178 alia
1816 2136 1858 2176 in
1895 2148 1937 2177 re
1980 2135 2164 2177 imitatus
2196 2147 2306 2177 esses
2338 2134 2534 2181 Tullium,

269 2211 468 2254 Secunde.
531 2210 603 2252 sed
635 2211 710 2252 hoc
742 2211 907 2264 quidem
938 2211 1156 2267 adsecutus
1184 2226 1241 2259 es,
1273 2215 1318 2254 ut
1348 2225 1427 2254 non
1459 2213 1595 2254 minus
1627 2212 1735 2254 male
1767 2212 2007 2264 processisse
2039 2212 2117 2253 tibi
2148 2223 2313 2253 carmen
2344 2211 2534 2257 sciamus,

268 2300 393 2342 quam
424 2289 496 2330 tuo
517 2287 776 2342 archetypo.''
837 2289 996 2329 constat
1026 2288 1138 2330 enim
1159 2287 1394 2330 Ciceronem
1426 2288 1469 2329 in
1499 2289 1574 2330 hoc
1605 2301 1763 2343 quoque
1793 2300 1942 2342 genere
1973 2288 2287 2341 antesignanum
2318 2288 2360 2329 et
2391 2287 2536 2328 ducem

268 2364 396 2407 Plinii
427 2364 568 2414 fuisse,
600 2364 806 2425 quem-,ad
837 2364 1004 2406 modum
1034 2364 1114 2407 fuit
1144 2365 1186 2406 in
1219 2364 1312 2406 aliis
1343 2365 1703 2408 exercitationibus
1734 2363 1910 2406 dicendi.
1963 2363 2016 2405 ad
2037 2364 2213 2406 Fuscum
2244 2363 2354 2406 enim
2376 2362 2536 2404 Plinius

267 2441 346 2482 VH
378 2442 419 2490 9,
454 2442 479 2481 2
512 2440 656 2482 scribit
687 2440 789 2482 utile
821 2453 909 2482 esse
941 2441 983 2481 in
1014 2441 1159 2494 primis
1189 2442 1255 2483 vel
1287 2454 1332 2482 ex
1353 2441 1509 2483 Graeco
1539 2454 1724 2483 sermone
1756 2442 1798 2482 in
1821 2441 2014 2482 Latinum
2045 2441 2110 2482 vel
2141 2454 2188 2482 ex
2208 2440 2355 2482 Latino
2376 2441 2536 2482 vertere

266 2517 310 2558 in
341 2515 566 2565 Graecum,
608 2516 651 2557 id
683 2516 789 2570 quod
820 2529 844 2558 a
876 2515 1069 2559 Cicerone
1100 2529 1259 2570 quoque
1290 2515 1444 2559 factum
1475 2529 1563 2576 esse
1594 2516 1817 2560 memoriae
1849 2516 2063 2570 proditum*
2086 2518 2160 2558 est.
2226 2528 2356 2570 neque
2388 2515 2440 2557 ab
2472 2514 2536 2556 his

266 2592 417 2635 studiis
447 2592 609 2635 Plinius
639 2592 864 2642 abhorruit,
896 2605 989 2634 cum
1021 2592 1323 2648 epigrammata
1350 2591 1462 2634 Arrii
1483 2592 1682 2635 Antonini
1717 2617 1770 2622 —
1803 2591 1918 2634 cuius
1949 2605 2088 2635 versus
2119 2604 2243 2646 quam
2273 2591 2369 2634 boni
2401 2591 2537 2634 essent

266 2670 458 2723 expertus
488 2669 579 2710 erat
610 2668 648 2708 V
672 2668 724 2708 15
756 2667 862 2721 (10),
898 2669 918 2708 1
956 2693 1009 2698 -—-
1043 2668 1189 2710 Latine
1220 2681 1314 2710 eum
1344 2669 1598 2711 aemulatum
1629 2681 1716 2711 esse
1749 2670 1790 2710 et
1821 2668 2063 2722 expressisse
2095 2669 2256 2730 constet
2286 2667 2362 2720 (IV
2387 2667 2454 2715 18,
2481 2666 2536 2719 1).

266 2745 338 2788 sed
369 2745 485 2787 cuius
515 2744 629 2787 modi
660 2747 778 2787 erant
808 2744 990 2787 carmina
1020 2744 1113 2794 illa,
1154 2744 1302 2798 quibus
1332 2744 1594 2788 conficiendis
1624 2744 1785 2787 Plinius
1815 2756 1980 2799 operam
2011 2743 2157 2787 dedit?
2217 2743 2324 2799 quod
2369 2741 2537 2798 potissi·

264 2833 380 2863 mum
410 2821 544 2875 poesis
573 2833 706 2875 genus
736 2819 888 2862 coluit?
938 2820 1302 2894 hendecasyllabos
1333 2820 1418 2875 ipse
1450 2820 1593 2863 multis
1624 2819 1895 2874 epistularum
1925 2819 2024 2862 locis
2054 2832 2195 2863 versus
2226 2831 2318 2862 suos
2350 2818 2538 2874 adpella-

264 2897 350 2946 vit,
393 2910 515 2950 quem
545 2896 718 2939 titulum
748 2897 833 2938 sola
863 2896 985 2939 metri
1016 2897 1108 2951 lege
1140 2897 1366 2952 constringi
1396 2896 1499 2939 dicit
1528 2896 1587 2938 IV
1621 2897 1697 2946 14,
1733 2897 1772 2937 8.
1835 2894 1907 2938 sed
1937 2895 2049 2938 lusus
2080 2895 2287 2945 Pliniani,
2332 2896 2379 2937 ut
2409 2906 2539 2949 pauca

265 2973 492 3027 specimina
522 2973 640 3015 nobis
677 2973 730 3015 ab
762 2972 849 3025 ipso
886 2973 1029 3015 relicta
1066 2972 1171 3025 (VII
1203 2975 1254 3021 4,
1288 2975 1326 3014 6
1389 2974 1552 3026 9,11)
1583 2973 1777 3027 probant,
1816 2970 1874 3012 nil
1904 2970 2095 3015 videntur
2125 2970 2251 3014 fuisse
2282 2970 2362 3013 nisi
2394 2970 2537 3012 inanes

265 3048 442 3091 aliorum
472 3048 743 3098 imitationes,
776 3048 923 3102 quibus
954 3048 1120 3093 laudem
1150 3061 1198 3092 ac
1229 3048 1415 3102 plausum
1447 3061 1586 3092 eorum
1618 3049 1698 3092 sibi
1721 3046 1936 3090 conciliare
1964 3046 2172 3097 studebat,
2205 3045 2275 3101 qui
2306 3048 2370 3089 ‘ex
2403 3044 2538 3089 admi-

264 3125 423 3169 ratione
445 3125 621 3181 ingenii'
652 3124 857 3168 fautorem
879 3125 1065 3169 solebant
1086 3124 1314 3168 convenire.
1366 3125 1444 3169 etsi
1475 3125 1586 3169 enim
1607 3126 1695 3181 ipse
1717 3123 1882 3179 ingenio
1903 3136 2051 3178 parum
2071 3123 2226 3166 fidebat
2246 3122 2363 3178 (vm
2386 3123 2455 3171 21,
2478 3121 2536 3175 4),

263 3205 405 3246 tamen
428 3203 694 3246 vehementer
721 3202 924 3256 cupiebat,
954 3206 1002 3246 ut
1032 3216 1056 3245 a
1088 3201 1262 3257 posteris
1294 3214 1371 3244 non
1403 3202 1534 3245 solum
1565 3202 1697 3245 virtus
1729 3213 1802 3243 sua
1832 3200 2009 3243 oratoria
2040 3200 2111 3243 sed
2144 3200 2270 3244 etiam
2292 3199 2477 3242 studium
2513 3210 2537 3238 a
