2865 3681
286 387 416 429 nimia
447 389 606 438 essent,
639 399 734 429 nam
767 387 1022 442 negotiorum
1053 382 1309 439 publicorum
1340 386 1608 430 multitudine
1639 389 1858 442 occupatus
1889 389 1931 430 et
1957 385 2170 429 districtus
2191 385 2350 429 Plinius
2380 400 2406 430 a
2432 387 2548 431 litte-

284 464 344 507 ris
375 464 703 513 abstrahebatur,
735 465 782 506 ut
807 463 903 506 libri
924 462 1019 505 noni
1040 460 1217 516 epistula
1236 462 1433 506 vicesima
1464 464 1608 519 quinta
1638 465 1690 508 ad
1711 463 1999 508 Mamilianum
2029 463 2126 507 data
2145 462 2308 518 probari
2338 462 2449 515 licet,
2469 464 2547 508 ,cui

287 553 413 583 novos
442 539 661 583 versiculos
692 552 734 582 se
765 539 989 582 missurum
1019 539 1248 593 promittit:
1299 554 1406 583 nunc
1436 555 1499 583 me
1538 556 1680 584 rerum
1710 546 1826 585 actas
1856 541 2008 585 nwdice
2041 540 2111 584 scd
2147 545 2282 583 tamen
2319 540 2544 597 distringit,

286 631 365 672 quo
390 618 508 670 finito
539 616 703 670 aliquid
731 615 956 657 earundem
977 616 1280 660 camoenarum
1310 618 1355 658 in
1385 619 1510 659 istum
1540 618 1875 672 benignissimum
1904 619 2042 660 sinum
2073 618 2247 660 mittam.
2309 617 2430 671 paulo
2451 620 2546 660 ante

283 693 385 736 haec
415 693 656 746 scripserat:
719 691 833 734 lusus
862 696 899 733 et
931 693 1109 746 ineptias
1138 697 1301 735 nostras
1331 693 1445 747 leqis.
1492 708 1633 744 amas,
1673 695 1844 758 flagitas
1875 707 2012 747 meque
2051 692 2108 735 ad
2146 693 2306 735 similia
2336 693 2544 736 condenda

282 783 362 811 non
391 768 650 811 mediocriter
678 769 842 811 incitas.
905 771 952 810 ut
981 769 1050 810 hic
1080 769 1240 811 Plinius
1272 769 1357 823 ipse
1389 768 1439 810 ad
1471 769 1655 812 carmina
1686 770 1898 813 scribenda
1928 769 2121 813 incitatus
2151 772 2227 819 est,
2258 769 2316 811 sic
2347 769 2427 811 alio
2458 768 2544 811 loco

283 845 343 897 (V
377 846 429 886 10
463 844 579 899 [11],
616 845 662 899 1)
706 844 946 887 Suetonium
979 845 1262 899 Tranquillum
1304 845 1488 886 hortatus
1526 847 1589 887 est
1631 848 1676 887 ut
1717 846 1869 900 scripta
1905 860 1977 888 sua
2008 846 2050 887 in
2080 846 2213 888 lucem
2245 845 2407 896 ederet,
2450 858 2541 888 cum

280 921 367 975 ipse
404 933 545 963 eorum
587 933 702 975 spem
742 921 1096 976 hendecasyllabis
1135 921 1311 964 fecisset.
1389 933 1462 963 nec
1494 921 1603 963 Titio
1637 922 1820 963 Aristoni
1851 923 2040 964 irascitur
2081 921 2187 976 qaod
2227 937 2290 964 mc
2329 922 2542 965 celandum

278 1011 359 1039 mm
381 999 551 1050 putasti
579 998 710 1049 fuisse
739 997 856 1049 apud
886 1002 922 1039 te
950 998 1000 1038 de
1028 998 1240 1040 versiculis
1270 999 1369 1038 meis
1398 998 1571 1039 multum
1603 1000 1885 1052 eopiosumqvoe
1912 1012 2133 1041 sermonem
2164 998 2226 1051 (V
2260 1000 2300 1047 3,
2338 998 2390 1053 1).
2453 1011 2542 1040 ma-

278 1072 388 1115 xime
419 1074 559 1115 autem
591 1072 871 1115 memorabilis
902 1074 965 1115 est
996 1072 1172 1126 epistula
1203 1073 1274 1115 illa
1304 1072 1398 1115 libri
1429 1072 1594 1126 septimi
1627 1076 1774 1126 quarta
1805 1074 1856 1116 ad
1890 1075 2080 1117 Pontium
2111 1074 2259 1124 missa,
2293 1073 2334 1114 in
2366 1086 2446 1128 qua
2476 1087 2542 1116 sa-

277 1150 334 1192 tis
365 1152 556 1193 accurate
578 1150 737 1192 Plinius
769 1150 933 1205 exponit
963 1162 1043 1203 qua
1074 1150 1231 1193 ratione
1262 1149 1408 1193 studiis
1440 1149 1607 1204 poeticis
1639 1150 1708 1192 diu
1741 1150 1987 1194 intermissis
2018 1151 2067 1194 ad
2091 1150 2272 1194 carmina
2292 1150 2542 1193 conficienda

277 1226 463 1270 animum
495 1227 753 1282 adplicuerit.
815 1228 956 1269 narrat
987 1226 1097 1269 enim
1130 1226 1172 1268 in
1203 1226 1387 1282 legendis
1420 1226 1552 1268 Asinii
1585 1226 1694 1269 Galli
1734 1227 1784 1269 de
1816 1228 2115 1283 comparatione
2146 1227 2275 1282 patris
2307 1229 2349 1270 et
2379 1227 2541 1270 Cicero-

277 1303 342 1345 nis
372 1303 491 1345 libris
523 1316 611 1346 sese
642 1303 834 1346 incidisse
866 1304 908 1345 in
931 1303 1139 1346 Ciceronis
1171 1303 1212 1344 in
1244 1304 1432 1345 Tironem
1464 1316 1581 1345 suum
1614 1304 1881 1357 epigramma.
1946 1305 2091 1347 deinde
2123 1318 2215 1346 cum
2246 1304 2417 1347 meridie
2448 1304 2542 1345 dor-

276 1379 456 1422 miturus
488 1393 530 1422 se
561 1380 783 1434 recepisset
813 1393 887 1423 nec
918 1380 1147 1434 obrepisset
1178 1392 1353 1430 somnus,
1385 1380 1564 1434 coepisse
1596 1392 1638 1422 se
1669 1382 1857 1434 reputare
1879 1380 2077 1423 maximos
2107 1382 2286 1423 oratores
2318 1380 2420 1421 illud
2452 1381 2540 1421 stu-

276 1456 336 1498 dii
366 1468 496 1512 genus
529 1458 571 1498 et
601 1456 644 1497 in
674 1456 1019 1498 oblectationibus
1051 1457 1242 1499 habuisse
1286 1460 1326 1499 et
1367 1458 1407 1498 in
1440 1458 1561 1499 laude
1593 1458 1786 1511 posuisse.
1850 1458 1908 1499 sic
1940 1459 2095 1501 factum
2127 1472 2213 1501 esse
2250 1460 2296 1500 ut
2332 1458 2374 1499 id
2406 1458 2536 1512 ipsum

276 1544 355 1586 quo
386 1533 439 1575 ad
471 1533 733 1575 scribendum
765 1533 963 1575 incitatus
1004 1536 1111 1575 esset
1152 1535 1334 1576 versibus
1366 1536 1563 1575 exararet.
1637 1536 1724 1575 tuin
1763 1536 1987 1587 sequuntur
2018 1533 2213 1576 tredecim
2253 1533 2302 1575 de
2335 1532 2539 1576 Ciceronis

274 1606 477 1665 poematis
509 1609 738 1653 hexametri
769 1610 838 1664 qui
870 1609 1159 1653 versificatoris
1190 1610 1322 1665 magis
1353 1624 1474 1664 quam
1506 1612 1648 1664 poetae
1681 1611 1857 1665 speciem
1888 1611 2099 1665 praebent.
2161 1609 2307 1652 deinde
2329 1610 2469 1651 narrat
2496 1621 2539 1651 sc

272 1686 324 1728 ad
357 1686 495 1742 elegos
536 1686 755 1738 transisse,
794 1687 950 1730 iambos
967 1688 1007 1741 ⁷)
1044 1687 1252 1730 addidisse
1276 1720 1285 1729 .
1310 1721 1318 1729 .
1344 1721 1352 1729 .
1383 1688 1603 1742 postremo,
1636 1689 1682 1729 ut
1712 1687 1839 1742 ipsius
1860 1687 1984 1729 Plinii
2006 1688 2131 1731 verba
2152 1687 2348 1738 adferam,
2371 1687 2536 1742 placuit

270 1764 454 1818 exemplo
490 1765 713 1808 multorum
752 1778 882 1806 unum
912 1764 1142 1817 separatim
1178 1765 1605 1819 hendecasyllaborum
1637 1766 1817 1807 volumen
1853 1765 2076 1813 absolvere,
2125 1764 2189 1806 cui
2227 1764 2362 1806 nescio
2400 1776 2451 1805 an
2490 1776 2537 1805 ea

273 1840 429 1883 inserta
460 1840 616 1883 fuerint
646 1852 748 1894 quae
785 1840 835 1881 de
873 1840 1015 1882 eodem
1053 1842 1295 1893 argumento
1335 1853 1412 1893 quo
1445 1840 1608 1883 Sentius
1640 1842 1876 1892 Augurinus
1915 1842 1929 1889 ί
1939 1841 1993 1880 IV
2029 1842 2106 1891 27,
2147 1842 2200 1893 3)
2242 1845 2534 1893 composuerat.

268 1918 317 1960 ut
347 1918 489 1961 autem
519 1929 722 1960 summam
753 1916 975 1967 faciamus,
1025 1916 1066 1958 id
1098 1929 1224 1958 unum
1257 1918 1436 1964 constat,
1483 1916 1664 1959 Plinium
1699 1919 1739 1959 et
1770 1917 1974 1959 vertendis
2005 1917 2047 1957 in
2079 1916 2271 1958 Latinum
2308 1928 2534 1957 sermonem

269 1995 384 2037 Arrii
415 1994 615 2037 Antonini
647 1993 959 2049 epigrammatis
1006 1995 1047 2036 et
1089 1994 1349 2036 conficiendis
1381 1995 1631 2036 carminibus
1678 2008 1840 2049 operam
1872 2007 2064 2043 navasse,
2112 2006 2213 2048 quae
2260 2006 2349 2035 cum
2399 1992 2536 2034 ederet

267 2071 702 2126 hendecasyllaborum
733 2071 896 2114 nomine
927 2070 1102 2113 ornavit.
1165 2084 1262 2113 num
1294 2084 1419 2113 unum
1457 2071 1576 2114 modo
1608 2071 2037 2126 hendecasyllaborum
2080 2071 2267 2112 volumen
2314 2070 2355 2111 in
2389 2070 2536 2123 vulgus

268 2147 446 2192 ediderit
465 2161 611 2203 parum
634 2148 776 2203 liquet,
808 2149 994 2203 quamvis
1025 2161 1071 2191 ex
1104 2160 1183 2190 non
1216 2147 1337 2189 nullis
1368 2148 1462 2190 libri
1494 2149 1627 2190 octavi
1660 2150 1702 2190 et
1733 2149 1825 2189 noni
1849 2148 2034 2202 epistulis
2063 2148 2249 2190 videatur
2281 2146 2386 2188 effici
2418 2159 2534 2200 posse

257 2225 450 2278 ‘Plinium
482 2225 659 2268 alterum
692 2226 918 2267 carminum
954 2226 1141 2268 volumen
1185 2226 1219 2266 si
1251 2225 1386 2266 minus
1418 2226 1524 2266 foras
1555 2225 1717 2267 dedisse
1749 2227 1791 2267 at
1823 2227 1931 2267 certe
1961 2225 2153 2266 recitasse
2185 2224 2349 2277 eiusque
2387 2222 2535 2264 editio-

269 2315 361 2345 nem
393 2303 720 2356 praeparasse.⁸)
782 2304 993 2356 praeterea
1025 2314 1168 2344 versus
1199 2300 1355 2355 aliquot
1386 2301 1590 2344 observari
1622 2301 1744 2351 licet,
1778 2314 1876 2354 quos
1908 2301 2066 2341 Plinius
2097 2313 2167 2354 per
2200 2298 2532 2353 imprudentiam.

268 2380 316 2421 ut
347 2377 554 2422 Ciceronis
586 2379 709 2422 verbo
742 2380 815 2432 (or.
850 2380 924 2428 56,
962 2379 1060 2432 189)
1101 2379 1212 2427 utar,
1256 2379 1298 2419 et
1329 2377 1580 2429 Quintiliano
1612 2378 1817 2431 magistro
1849 2377 2090 2418 adversante
2121 2377 2162 2416 in
2193 2376 2373 2417 oratione
2406 2375 2531 2416 dixit:

265 2467 430 2497 versum
463 2455 573 2497 enim
604 2455 854 2510 dactylicum
886 2456 1166 2497 hexametrum
1197 2454 1374 2508 legimus
1405 2455 1441 2494 V
1488 2455 1553 2503 15,
1587 2456 1612 2495 4
1647 2470 1730 2496 caea
1762 2454 1998 2506 diliyefmus.
2034 2467 2114 2493 ema
2147 2453 2368 2494 dileximus
2397 2465 2533 2493 omnes·

266 2533 311 2574 et
342 2544 506 2573 versum
537 2531 792 2586 phalaecium
826 2532 881 2572 Vl
915 2533 954 2580 9,
995 2533 1010 2572 l
1048 2531 1305 2573 commendas
1338 2531 1449 2571 υιίΙιι·
1471 2531 1629 2572 Iulium
1662 2532 1884 2572 Nasonem.

445 2607 593 2649 Restat
633 2610 679 2649 ut
711 2608 760 2649 de
792 2611 973 2662 tempore
1012 2620 1090 2660 quo
1122 2607 1281 2648 Plinius
1313 2607 1495 2648 carmina
1527 2619 1599 2648 sua
1632 2608 1794 2648 videtur
1826 2607 1865 2646 in
1899 2606 2031 2647 lucem
2064 2605 2278 2658 protulisse
2309 2617 2386 2646 non
2419 2604 2529 2645 nulla

409 2838 435 2874 ⁷)
461 2837 516 2870 sic
535 2835 667 2870 Themi.
685 2835 877 2869 Mommsen
898 2835 1043 2869 Hermes
1062 2834 1109 2868 111
1138 2845 1170 2878 p.
1192 2833 1258 2867 105
1285 2832 1354 2874 legi
1373 2833 1508 2867 mavult
1536 2844 1594 2876 pro
1621 2832 1752 2869 „alios”
1779 2831 1820 2866 ad
1849 2831 1929 2865 Τιις.
1954 2830 2036 2865 dial.
2066 2833 2123 2864 1⁰:
2170 2841 2261 2874 „ego
2288 2841 2366 2864 vero
2393 2840 2528 2864 omnem

263 2895 501 2940 eloquentiam
528 2905 716 2938 omnesque
743 2894 817 2928 eius
842 2897 959 2937 partes
984 2905 1099 2928 sacras
1125 2895 1162 2928 et
1186 2891 1403 2926 venerabiles
1427 2894 1531 2936 puto,
1569 2901 1631 2925 nee
1657 2890 1770 2925 solum
1797 2889 2003 2925 cothurnum
2032 2893 2186 2924 vest-rum
2212 2892 2274 2924 aut
2298 2888 2426 2923 heroici
2453 2899 2528 2923 car-

261 2955 370 2988 minis
394 2953 507 2988 solum
523 2979 532 2993 ,
567 2953 626 2988 sed
653 2952 842 2997 lyricorum
868 2963 1002 2997 quoque
1028 2951 1285 2986 iucunditatem
1320 2953 1355 2984 et
1380 2950 1558 2994 elegorum
1586 2948 1749 2983 lascivias
1783 2950 1817 2982 et
1844 2947 2037 2981 iamborum
2063 2947 2334 2982 aiiiaritu‹linem
2362 2973 2369 2981 .
2397 2974 2404 2980 .
2430 2950 2530 2981 aute-

261 3011 461 3057 ponendam
488 3012 613 3047 ceteris
638 3010 790 3046 aliarum
816 3010 943 3045 studiis
967 3010 1091 3046 emus·
1119 3021 1180 3044 nos
1208 3020 1383 3044 revocans.

360 3102 393 3144 ‘J
428 3099 521 3134 Haec
554 3098 806 3133 confirmantur
839 3096 991 3140 eleganti
1018 3096 1147 3131 Theou.
1174 3095 1381 3129 Moiuinseni
1413 3096 1612 3128 coniectura
1649 3095 1692 3128 ΙΧ
1732 3096 1785 3128 lo.
1813 3094 1849 3126 2:
1902 3097 2091 3136 ..poemata
2116 3093 2305 3127 erest—uns·
2340 3104 2399 3136 pro
2427 3091 2523 3134 vulg.

263 3169 326 3201 „p.
354 3156 570 3201 quiescunt''
597 3156 759 3199 legentis.
810 3157 853 3189 cf.
881 3155 1025 3188 Hermes
1050 3155 1098 3188 111
1126 3166 1159 3198 p.
1189 3156 1266 3188 105.
