2865 3681
512 1309 762 1391 Argenteae
793 1336 1018 1379 latinitatis
1049 1347 1170 1390 quam
1204 1335 1345 1378 dicunt
1376 1336 1622 1391 scriptorum
1654 1348 1725 1377 suo
1756 1348 1953 1390 quemque
1975 1333 2134 1377 dicendi
2154 1345 2303 1390 genere
2323 1346 2442 1376 usum
2462 1346 2551 1377 esse

299 1414 475 1464 constat,
508 1426 601 1456 cum
633 1413 674 1455 et
705 1425 752 1454 ex
783 1411 975 1455 Cicerone
1008 1411 1180 1455 Caesare
1212 1411 1327 1455 Livio
1359 1413 1400 1454 et
1430 1425 1452 1455 e
1482 1414 1697 1467 poetarum
1728 1413 1770 1454 in
1800 1412 1943 1466 primis
1973 1411 2209 1466 Augusteae
2241 1411 2392 1452 aetatis
2433 1410 2551 1452 libris

301 1489 507 1542 petierint,
539 1490 582 1530 et
612 1501 718 1530 nova
748 1489 874 1531 verba
905 1488 1116 1530 subtiliter
1147 1488 1436 1543 ingenioseque
1467 1484 1699 1542 excogitata
1728 1488 1771 1529 in
1792 1487 1985 1530 Latinam
2016 1488 2204 1542 linguam
2232 1487 2478 1537 induxerint,
2510 1490 2551 1528 et

298 1577 415 1607 voces
445 1564 761 1617 locutionesque,
794 1564 981 1618 quamvis
1011 1565 1107 1605 ante
1138 1564 1181 1605 in
1212 1577 1287 1605 usu
1318 1565 1472 1614 essent,
1517 1565 1657 1606 tamen
1687 1562 2030 1617 amplificaverint
2061 1575 2243 1617 novaque
2273 1562 2315 1604 vi
2344 1574 2393 1605 ac
2424 1562 2552 1617 signi-

296 1638 486 1682 ficatione
517 1625 776 1692 ornaverint,
823 1641 865 1682 et
897 1651 1015 1682 voces
1046 1651 1139 1682 cum
1180 1651 1260 1682 uno
1296 1639 1532 1694 pluribusve
1577 1639 1844 1694 scriptoribus
1874 1638 2057 1682 eiusdem
2087 1638 2285 1693 temporis
2315 1650 2550 1680 communes

297 1715 591 1769 usurpaverint.
653 1728 727 1758 nec
757 1728 852 1758 vero
884 1715 1005 1758 facile
1036 1718 1159 1769 atque
1191 1716 1425 1770 expeditum
1454 1715 1667 1770 negotium
1708 1718 1770 1758 est
1806 1716 1882 1757 has
1911 1716 2184 1770 proprietates
2215 1715 2331 1756 unius
2360 1714 2550 1768 cuiusque

297 1791 507 1845 scriptoris
536 1791 598 1834 ita
628 1791 859 1846 complecti,
892 1775 951 1842 ut,
985 1791 1099 1845 quasi
1130 1791 1174 1833 in
1204 1792 1425 1846 conspectu
1456 1791 1602 1846 positis
1632 1792 1692 1834 eis
1723 1804 1826 1846 quae
1856 1792 1909 1834 ab
1930 1792 2178 1846 optimorum
2200 1791 2444 1846 scriptorum
2466 1802 2552 1832 ser-

295 1877 414 1910 mone
446 1867 660 1911 videantur
680 1868 881 1920 recedere,
914 1867 1016 1910 satis
1038 1867 1237 1923 adpareat
1269 1879 1348 1922 quo
1369 1867 1490 1909 modo
1512 1867 1731 1922 scriptores
1760 1867 1826 1909 illi
1857 1867 1964 1909 inter
1996 1880 2038 1909 se
2059 1867 2263 1909 differant.
2324 1879 2427 1921 quae
2458 1878 2551 1908 cum

294 1943 355 1985 ita
397 1943 500 1994 sint,
544 1956 644 1998 opus
683 1944 742 1987 eis
779 1956 879 1998 quas
910 1944 1189 1986 demonstravi
1221 1944 1448 1986 rationibus
1479 1946 1714 1999 susceptum
1751 1945 1829 1986 nisi
1867 1944 2069 1999 paulatim
2109 1945 2384 1998 temporisque
2416 1945 2549 1998 spatio

294 2018 508 2062 interiecto
539 2020 684 2063 confici
714 2033 793 2062 non
824 2034 940 2075 posse
954 2053 964 2070 ,
996 2020 1032 2062 is
1063 2020 1131 2074 qui
1161 2020 1204 2062 in
1237 2020 1316 2062 hoc
1346 2031 1496 2075 genere
1527 2020 1763 2063 litterarum
1795 2021 2036 2062 Latinarum
2066 2021 2204 2075 aliqua
2234 2032 2281 2062 ex
2312 2022 2428 2075 parte
2460 2033 2550 2062 ver-

296 2097 407 2137 satus
437 2098 500 2138 est
530 2097 639 2139 haud
670 2097 847 2153 ignorat.
908 2109 987 2151 qua
1017 2098 1060 2138 in
1090 2110 1136 2139 re
1167 2110 1290 2151 quem
1320 2096 1457 2139 locum
1486 2098 1626 2140 teneat
1647 2097 1806 2139 Plinius
1826 2097 1959 2139 minor
1989 2098 2098 2140 inter
2124 2097 2342 2151 scriptores
2362 2097 2549 2152 Augusto

294 2173 551 2225 posteriores,
583 2174 668 2217 iam
698 2175 977 2216 demonstrare
1009 2175 1180 2215 conatus
1212 2187 1300 2215 sum
1339 2175 1383 2215 in
1410 2174 1543 2229 priore
1564 2174 1842 2229 disputatione
1862 2176 1914 2229 ยน),
1946 2175 1986 2216 in
2020 2189 2097 2228 qua
2128 2188 2197 2216 eas
2229 2187 2345 2217 voces
2376 2174 2549 2216 locutio-

294 2259 443 2301 nesque
474 2249 646 2304 collegi,
688 2262 862 2304 quarum
892 2249 1053 2291 Plinius
1084 2251 1228 2291 auctor
1258 2250 1424 2292 videtur
1454 2263 1543 2292 esse
1574 2253 1617 2292 et
1646 2263 1748 2304 quae
1779 2252 1817 2292 ei
1849 2264 1939 2292 cum
1973 2251 2237 2304 scriptoribus
2268 2250 2333 2291 vel
2364 2251 2548 2292 eiusdem

294 2323 359 2365 vel
390 2326 626 2377 posterioris
658 2323 854 2380 temporis
885 2339 1118 2368 communes
1150 2328 1267 2377 sunt,
1316 2339 1386 2368 eas
1431 2330 1570 2368 autem
1616 2341 1715 2379 quas
1761 2341 1782 2368 e
1829 2331 2041 2380 poetarum
2088 2328 2129 2367 in
2172 2327 2313 2379 primis
2349 2329 2547 2381 temporis

294 2399 473 2453 Augusti
502 2404 793 2443 consuetudine
823 2403 968 2455 petiit,
1013 2402 1189 2454 exceptis
1219 2402 1271 2442 iis
1301 2416 1404 2455 quae
1450 2403 1503 2443 ad
1535 2417 1570 2443 v.
1602 2408 1794 2444 secretam
1826 2404 1942 2445 sidus
1984 2404 2040 2455 (p.
2078 2405 2170 2455 14),
2213 2404 2322 2445 altus
2362 2404 2419 2456 (p.
2456 2403 2546 2456 16),

292 2474 430 2517 enodis
456 2477 641 2528 fiamosus
667 2478 840 2533 macilis
871 2478 930 2533 (p.
956 2478 1028 2532 18)
1061 2477 1110 2520 de
1142 2490 1215 2519 usu
1238 2476 1428 2519 Pliniano
1461 2492 1552 2519 cuni
1586 2478 1715 2532 poetis
1747 2479 1951 2520 communi
1972 2478 2156 2532 adposui,
2190 2478 2314 2533 spatii
2344 2478 2548 2533 angustiis

294 2553 458 2592 coactus
488 2553 609 2595 omisi
641 2556 682 2596 et
713 2568 816 2608 quae
847 2555 948 2596 olim
979 2555 1199 2597 omiseram
1230 2567 1278 2596 ea
1308 2555 1385 2596 hoc
1419 2555 1507 2596 loco
1540 2555 1726 2596 adiciam.
1789 2556 2009 2597 tenendum
2046 2557 2186 2597 autem
2226 2558 2312 2604 est,
2365 2555 2546 2597 Plinium

292 2638 450 2680 semper
490 2629 574 2670 fere
615 2631 904 2673 ostentationis
942 2631 1118 2685 speciem
1157 2644 1254 2685 prae
1295 2644 1337 2673 se
1368 2632 1568 2673 ferentem
1598 2631 1640 2672 id
1671 2632 1804 2685 egisse
1835 2634 1880 2672 ut
1918 2645 2011 2673 cum
2049 2632 2183 2674 multa
2212 2635 2303 2674 tum
2334 2635 2547 2686 poetarum

291 2702 474 2743 carmina
503 2703 651 2759 legisse
682 2719 730 2748 ac
762 2707 1044 2762 pervolutasse
1076 2706 1289 2748 diceretur.
1353 2707 1429 2747 hoe
1461 2707 1572 2748 enim
1603 2707 1771 2749 crimine
1812 2708 1880 2761 qui
1913 2707 2095 2750 Plinium
2136 2709 2189 2750 ab
2220 2708 2544 2750 adversariorum

290 2778 589 2833 vituperatione
620 2782 833 2826 defendere
866 2784 1087 2826 studebant
1130 2795 1223 2824 eum
1254 2782 1464 2824 absolvere
1505 2796 1585 2823 11011
1616 2785 1849 2837 potuerunt.
1921 2779 2080 2827 accEffit
2121 2785 2228 2840 quod
2258 2786 2547 2828 ostentationis

290 2854 470 2898 studium
501 2856 711 2913 laudisque
743 2861 946 2914 cupiditas
978 2874 1057 2903 non
1097 2861 1231 2904 solum
1267 2860 1512 2914 gravissima
1543 2861 1745 2915 dignitate
1777 2874 1856 2915 qua
1886 2874 2054 2905 munere
2085 2863 2339 2917 amplissimo
2385 2863 2546 2904 functus

437 3073 463 3109 r,
490 3072 540 3108 De
566 3073 674 3110 Plinii
701 3078 844 3113 minoris
870 3067 1076 3114 elocutione.
1129 3079 1327 3122 Numburgi
1353 3078 1454 3115 1862.
