<?xml version="1.0" encoding="UTF-8"?>
<!DOCTYPE html PUBLIC "-//W3C//DTD XHTML 1.0 Transitional//EN"
    "http://www.w3.org/TR/xhtml1/DTD/xhtml1-transitional.dtd">
<html xmlns="http://www.w3.org/1999/xhtml" xml:lang="en" lang="en">
 <head>
  <title>
</title>
<meta http-equiv="Content-Type" content="text/html;charset=utf-8" />
  <meta name='ocr-system' content='tesseract 3.04.00' />
  <meta name='ocr-capabilities' content='ocr_page ocr_carea ocr_par ocr_line ocrx_word'/>
</head>
<body>
  <div class='ocr_page' id='page_1' title='image "./4769618_0015.png"; bbox 0 0 2865 3681; ppageno 0'>
   <div class='ocr_carea' id='block_1_1' title="bbox 1395 248 1430 290">
    <p class='ocr_par' dir='ltr' id='par_1_1' title="bbox 1395 248 1430 290">
     <span class='ocr_line' id='line_1_1' title="bbox 1395 248 1430 290; baseline 0 0"><span class='ocrx_word' id='word_1_1' title='bbox 1395 248 1430 290; x_wconf 77' lang='lat'><strong>¹7</strong></span> 
     </span>
    </p>
   </div>
   <div class='ocr_carea' id='block_1_2' title="bbox 283 386 2584 2810">
    <p class='ocr_par' dir='ltr' id='par_1_2' title="bbox 283 386 2538 1284">
     <span class='ocr_line' id='line_1_2' title="bbox 285 386 2538 444; baseline -0.001 -14"><span class='ocrx_word' id='word_1_2' title='bbox 285 388 505 440; x_wconf 81' lang='lat' dir='ltr'>addamus,</span> <span class='ocrx_word' id='word_1_3' title='bbox 537 402 639 444; x_wconf 89' lang='lat' dir='ltr'><strong>quae</strong></span> <span class='ocrx_word' id='word_1_4' title='bbox 671 388 837 443; x_wconf 85' lang='lat' dir='ltr'><strong>egregia</strong></span> <span class='ocrx_word' id='word_1_5' title='bbox 867 389 988 441; x_wconf 90' lang='lat' dir='ltr'><strong>atque</strong></span> <span class='ocrx_word' id='word_1_6' title='bbox 1020 388 1230 443; x_wconf 88' lang='lat' dir='ltr'><strong>ingeniosa</strong></span> <span class='ocrx_word' id='word_1_7' title='bbox 1253 388 1452 431; x_wconf 84' lang='lat' dir='ltr'><strong>Theodori</strong></span> <span class='ocrx_word' id='word_1_8' title='bbox 1471 387 1713 430; x_wconf 87' lang='lat' dir='ltr'><strong>Mommseni</strong></span> <span class='ocrx_word' id='word_1_9' title='bbox 1731 389 1771 441; x_wconf 83' lang='lat'><strong>⁹)</strong></span> <span class='ocrx_word' id='word_1_10' title='bbox 1808 387 2082 441; x_wconf 88' lang='lat' dir='ltr'><strong>disputatione</strong></span> <span class='ocrx_word' id='word_1_11' title='bbox 2113 386 2437 430; x_wconf 74' lang='lat' dir='ltr'><strong>luculentissime</strong></span> <span class='ocrx_word' id='word_1_12' title='bbox 2469 400 2538 429; x_wconf 80' lang='lat' dir='ltr'><strong>ex·</strong></span> 
     </span>
     <span class='ocr_line' id='line_1_3' title="bbox 285 464 2536 521; baseline -0 -14"><span class='ocrx_word' id='word_1_13' title='bbox 285 465 435 520; x_wconf 86' lang='lat' dir='ltr'><strong>plicata</strong></span> <span class='ocrx_word' id='word_1_14' title='bbox 465 468 572 510; x_wconf 93' lang='lat' dir='ltr'><strong>sunt.</strong></span> <span class='ocrx_word' id='word_1_15' title='bbox 634 464 704 520; x_wconf 86' lang='lat' dir='ltr'><strong>q&#39;ui</strong></span> <span class='ocrx_word' id='word_1_16' title='bbox 734 478 827 508; x_wconf 92' lang='lat' dir='ltr'><strong>cum</strong></span> <span class='ocrx_word' id='word_1_17' title='bbox 858 465 1128 519; x_wconf 79' lang='lat' dir='ltr'><strong>epistularum</strong></span> <span class='ocrx_word' id='word_1_18' title='bbox 1159 465 1282 509; x_wconf 91' lang='lat' dir='ltr'><strong>libros</strong></span> <span class='ocrx_word' id='word_1_19' title='bbox 1314 465 1512 521; x_wconf 90' lang='lat' dir='ltr'><strong>paulatim</strong></span> <span class='ocrx_word' id='word_1_20' title='bbox 1542 479 1567 508; x_wconf 91' lang='lat' dir='ltr'><strong>a</strong></span> <span class='ocrx_word' id='word_1_21' title='bbox 1589 464 1720 508; x_wconf 89' lang='lat' dir='ltr'><strong>Plinio</strong></span> <span class='ocrx_word' id='word_1_22' title='bbox 1752 465 1882 508; x_wconf 88' lang='lat' dir='ltr'><strong>editos</strong></span> <span class='ocrx_word' id='word_1_23' title='bbox 1914 477 2000 508; x_wconf 87' lang='lat' dir='ltr'><strong>esse</strong></span> <span class='ocrx_word' id='word_1_24' title='bbox 2031 464 2385 508; x_wconf 78' lang='lat' dir='ltr'><strong>demonstraturus</strong></span> <span class='ocrx_word' id='word_1_25' title='bbox 2415 465 2536 514; x_wconf 89' lang='lat' dir='ltr'><strong>esset,</strong></span> 
     </span>
     <span class='ocr_line' id='line_1_4' title="bbox 285 541 2536 597; baseline -0 -13"><span class='ocrx_word' id='word_1_26' title='bbox 285 543 405 585; x_wconf 87' lang='lat' dir='ltr'><strong>rebus</strong></span> <span class='ocrx_word' id='word_1_27' title='bbox 436 556 457 586; x_wconf 91' lang='lat' dir='ltr'><strong>e</strong></span> <span class='ocrx_word' id='word_1_28' title='bbox 489 544 717 597; x_wconf 88' lang='lat' dir='ltr'><strong>temporum</strong></span> <span class='ocrx_word' id='word_1_29' title='bbox 748 542 904 585; x_wconf 90' lang='lat' dir='ltr'><strong>ratione</strong></span> <span class='ocrx_word' id='word_1_30' title='bbox 936 542 1051 596; x_wconf 89' lang='lat' dir='ltr'><strong>quasi</strong></span> <span class='ocrx_word' id='word_1_31' title='bbox 1083 543 1126 584; x_wconf 92' lang='lat' dir='ltr'><strong>in</strong></span> <span class='ocrx_word' id='word_1_32' title='bbox 1147 545 1360 597; x_wconf 86' lang='lat' dir='ltr'><strong>conspectu</strong></span> <span class='ocrx_word' id='word_1_33' title='bbox 1393 543 1622 597; x_wconf 88' lang='lat' dir='ltr'><strong>propositis.</strong></span> <span class='ocrx_word' id='word_1_34' title='bbox 1655 556 1756 597; x_wconf 90' lang='lat' dir='ltr'><strong>quae</strong></span> <span class='ocrx_word' id='word_1_35' title='bbox 1779 544 1841 584; x_wconf 88' lang='lat' dir='ltr'><strong>est</strong></span> <span class='ocrx_word' id='word_1_36' title='bbox 1872 542 1959 584; x_wconf 85' lang='lat' dir='ltr'><strong>eius</strong></span> <span class='ocrx_word' id='word_1_37' title='bbox 1990 542 2210 592; x_wconf 81' lang='lat' dir='ltr'><strong>subtilitas,</strong></span> <span class='ocrx_word' id='word_1_38' title='bbox 2244 543 2432 584; x_wconf 88' lang='lat' dir='ltr'><strong>accurate</strong></span> <span class='ocrx_word' id='word_1_39' title='bbox 2464 541 2536 583; x_wconf 89' lang='lat' dir='ltr'><strong>do-</strong></span> 
     </span>
     <span class='ocr_line' id='line_1_5' title="bbox 285 619 2534 674; baseline 0 -14"><span class='ocrx_word' id='word_1_40' title='bbox 285 619 370 661; x_wconf 91' lang='lat' dir='ltr'><strong>cuit</strong></span> <span class='ocrx_word' id='word_1_41' title='bbox 399 632 477 673; x_wconf 91' lang='lat' dir='ltr'><strong>quo</strong></span> <span class='ocrx_word' id='word_1_42' title='bbox 507 621 688 672; x_wconf 86' lang='lat' dir='ltr'><strong>tempore</strong></span> <span class='ocrx_word' id='word_1_43' title='bbox 720 632 823 660; x_wconf 90' lang='lat' dir='ltr'><strong>unus</strong></span> <span class='ocrx_word' id='word_1_44' title='bbox 853 619 1021 672; x_wconf 89' lang='lat' dir='ltr'><strong>quisque</strong></span> <span class='ocrx_word' id='word_1_45' title='bbox 1052 619 1320 673; x_wconf 82' lang='lat' dir='ltr'><strong>epistularum</strong></span> <span class='ocrx_word' id='word_1_46' title='bbox 1352 620 1456 663; x_wconf 86' lang='lat' dir='ltr'><strong>liber</strong></span> <span class='ocrx_word' id='word_1_47' title='bbox 1486 620 1737 674; x_wconf 86' lang='lat' dir='ltr'><strong>conscriptus</strong></span> <span class='ocrx_word' id='word_1_48' title='bbox 1778 621 1820 661; x_wconf 89' lang='lat' dir='ltr'><strong>et</strong></span> <span class='ocrx_word' id='word_1_49' title='bbox 1859 619 2031 661; x_wconf 87' lang='lat' dir='ltr'><strong>emissus</strong></span> <span class='ocrx_word' id='word_1_50' title='bbox 2062 620 2128 661; x_wconf 87' lang='lat' dir='ltr'><strong>sit.</strong></span> <span class='ocrx_word' id='word_1_51' title='bbox 2191 633 2236 662; x_wconf 87' lang='lat' dir='ltr'><strong>ex</strong></span> <span class='ocrx_word' id='word_1_52' title='bbox 2281 620 2354 662; x_wconf 89' lang='lat' dir='ltr'><strong>hac</strong></span> <span class='ocrx_word' id='word_1_53' title='bbox 2396 621 2534 661; x_wconf 87' lang='lat' dir='ltr'><strong>autem</strong></span> 
     </span>
     <span class='ocr_line' id='line_1_6' title="bbox 284 693 2537 750; baseline -0.001 -12"><span class='ocrx_word' id='word_1_54' title='bbox 284 696 585 750; x_wconf 89' lang='lat' dir='ltr'><strong>computatione</strong></span> <span class='ocrx_word' id='word_1_55' title='bbox 616 694 805 748; x_wconf 79' lang='lat' dir='ltr'><strong>adparet,</strong></span> <span class='ocrx_word' id='word_1_56' title='bbox 838 693 929 736; x_wconf 82' lang='lat' dir='ltr'><strong>cum</strong></span> <span class='ocrx_word' id='word_1_57' title='bbox 961 696 1116 750; x_wconf 88' lang='lat' dir='ltr'><strong>primus</strong></span> <span class='ocrx_word' id='word_1_58' title='bbox 1146 695 1346 738; x_wconf 89' lang='lat' dir='ltr'><strong>secundus</strong></span> <span class='ocrx_word' id='word_1_59' title='bbox 1376 696 1523 738; x_wconf 89' lang='lat' dir='ltr'><strong>tertius</strong></span> <span class='ocrx_word' id='word_1_60' title='bbox 1554 695 1670 745; x_wconf 82' lang='lat' dir='ltr'><strong>liber.</strong></span> <span class='ocrx_word' id='word_1_61' title='bbox 1703 696 1772 749; x_wconf 93' lang='lat' dir='ltr'><strong>qui</strong></span> <span class='ocrx_word' id='word_1_62' title='bbox 1803 696 1898 737; x_wconf 87' lang='lat' dir='ltr'><strong>libri</strong></span> <span class='ocrx_word' id='word_1_63' title='bbox 1930 695 2024 737; x_wconf 87' lang='lat' dir='ltr'><strong>inde</strong></span> <span class='ocrx_word' id='word_1_64' title='bbox 2057 696 2107 737; x_wconf 89' lang='lat' dir='ltr'><strong>ab</strong></span> <span class='ocrx_word' id='word_1_65' title='bbox 2139 708 2242 737; x_wconf 89' lang='lat' dir='ltr'><strong>anno</strong></span> <span class='ocrx_word' id='word_1_66' title='bbox 2274 694 2537 749; x_wconf 84' lang='lat' dir='ltr'><strong>nonagesimo</strong></span> 
     </span>
     <span class='ocr_line' id='line_1_7' title="bbox 284 770 2538 826; baseline -0 -12"><span class='ocrx_word' id='word_1_67' title='bbox 284 772 456 826; x_wconf 88' lang='lat' dir='ltr'><strong>septimo</strong></span> <span class='ocrx_word' id='word_1_68' title='bbox 488 784 613 824; x_wconf 83' lang='lat' dir='ltr'><strong>usque</strong></span> <span class='ocrx_word' id='word_1_69' title='bbox 644 770 695 812; x_wconf 89' lang='lat' dir='ltr'><strong>ad</strong></span> <span class='ocrx_word' id='word_1_70' title='bbox 726 782 876 812; x_wconf 87' lang='lat' dir='ltr'><strong>annum</strong></span> <span class='ocrx_word' id='word_1_71' title='bbox 909 771 1177 813; x_wconf 83' lang='lat' dir='ltr'><strong>centesimum</strong></span> <span class='ocrx_word' id='word_1_72' title='bbox 1208 772 1386 826; x_wconf 86' lang='lat' dir='ltr'><strong>primum</strong></span> <span class='ocrx_word' id='word_1_73' title='bbox 1417 772 1517 814; x_wconf 89' lang='lat' dir='ltr'><strong>editi</strong></span> <span class='ocrx_word' id='word_1_74' title='bbox 1549 775 1657 819; x_wconf 86' lang='lat' dir='ltr'><strong>sunt,</strong></span> <span class='ocrx_word' id='word_1_75' title='bbox 1690 772 1871 814; x_wconf 90' lang='lat' dir='ltr'><strong>Plinium</strong></span> <span class='ocrx_word' id='word_1_76' title='bbox 1902 785 1980 813; x_wconf 89' lang='lat' dir='ltr'><strong>non</strong></span> <span class='ocrx_word' id='word_1_77' title='bbox 2012 774 2174 825; x_wconf 88' lang='lat' dir='ltr'><strong>poetam</strong></span> <span class='ocrx_word' id='word_1_78' title='bbox 2207 771 2276 814; x_wconf 90' lang='lat' dir='ltr'><strong>sed</strong></span> <span class='ocrx_word' id='word_1_79' title='bbox 2308 772 2408 814; x_wconf 89' lang='lat' dir='ltr'><strong>artis</strong></span> <span class='ocrx_word' id='word_1_80' title='bbox 2439 783 2538 826; x_wconf 86' lang='lat' dir='ltr'><strong>poe-</strong></span> 
     </span>
     <span class='ocr_line' id='line_1_8' title="bbox 284 847 2538 901; baseline -0.001 -11"><span class='ocrx_word' id='word_1_81' title='bbox 284 849 389 890; x_wconf 89' lang='lat' dir='ltr'><strong>ticae</strong></span> <span class='ocrx_word' id='word_1_82' title='bbox 420 847 748 889; x_wconf 89' lang='lat' dir='ltr'><strong>amantissimum</strong></span> <span class='ocrx_word' id='word_1_83' title='bbox 776 849 1066 901; x_wconf 85' lang='lat' dir='ltr'><strong>poetarumque</strong></span> <span class='ocrx_word' id='word_1_84' title='bbox 1092 850 1306 901; x_wconf 87' lang='lat' dir='ltr'><strong>patronum</strong></span> <span class='ocrx_word' id='word_1_85' title='bbox 1330 849 1577 895; x_wconf 78' lang='lat' dir='ltr'><strong>describant,</strong></span> <span class='ocrx_word' id='word_1_86' title='bbox 1610 850 1649 889; x_wconf 93' lang='lat' dir='ltr'><strong>in</strong></span> <span class='ocrx_word' id='word_1_87' title='bbox 1682 848 1764 890; x_wconf 93' lang='lat' dir='ltr'><strong>illis</strong></span> <span class='ocrx_word' id='word_1_88' title='bbox 1784 850 1922 890; x_wconf 88' lang='lat' dir='ltr'><strong>autem</strong></span> <span class='ocrx_word' id='word_1_89' title='bbox 1945 848 2061 890; x_wconf 92' lang='lat' dir='ltr'><strong>libris</strong></span> <span class='ocrx_word' id='word_1_90' title='bbox 2082 848 2151 901; x_wconf 91' lang='lat' dir='ltr'><strong>qui</strong></span> <span class='ocrx_word' id='word_1_91' title='bbox 2172 848 2341 890; x_wconf 83' lang='lat' dir='ltr'><strong>tertium</strong></span> <span class='ocrx_word' id='word_1_92' title='bbox 2361 860 2538 900; x_wconf 88' lang='lat' dir='ltr'><strong>sequun-</strong></span> 
     </span>
     <span class='ocr_line' id='line_1_9' title="bbox 284 923 2535 978; baseline -0 -12"><span class='ocrx_word' id='word_1_93' title='bbox 284 927 351 967; x_wconf 86' lang='lat' dir='ltr'><strong>tur</strong></span> <span class='ocrx_word' id='word_1_94' title='bbox 381 936 521 966; x_wconf 86' lang='lat' dir='ltr'><strong>versus</strong></span> <span class='ocrx_word' id='word_1_95' title='bbox 552 926 594 964; x_wconf 91' lang='lat' dir='ltr'><strong>et</strong></span> <span class='ocrx_word' id='word_1_96' title='bbox 624 923 804 965; x_wconf 88' lang='lat' dir='ltr'><strong>carmina</strong></span> <span class='ocrx_word' id='word_1_97' title='bbox 835 926 1223 974; x_wconf 83' lang='lat' dir='ltr'><strong>commemorentur,</strong></span> <span class='ocrx_word' id='word_1_98' title='bbox 1267 925 1445 966; x_wconf 90' lang='lat' dir='ltr'><strong>Plinium</strong></span> <span class='ocrx_word' id='word_1_99' title='bbox 1484 927 1730 978; x_wconf 80' lang='lat' dir='ltr'><strong>provectiore</strong></span> <span class='ocrx_word' id='word_1_100' title='bbox 1773 925 1855 966; x_wconf 90' lang='lat' dir='ltr'><strong>iam</strong></span> <span class='ocrx_word' id='word_1_101' title='bbox 1896 927 2031 966; x_wconf 86' lang='lat' dir='ltr'><strong>aetate</strong></span> <span class='ocrx_word' id='word_1_102' title='bbox 2074 924 2126 965; x_wconf 88' lang='lat' dir='ltr'><strong>ad</strong></span> <span class='ocrx_word' id='word_1_103' title='bbox 2166 923 2347 965; x_wconf 90' lang='lat' dir='ltr'><strong>carmina</strong></span> <span class='ocrx_word' id='word_1_104' title='bbox 2378 923 2535 966; x_wconf 88' lang='lat' dir='ltr'><strong>edenda</strong></span> 
     </span>
     <span class='ocr_line' id='line_1_10' title="bbox 283 1000 2536 1054; baseline -0.001 -12"><span class='ocrx_word' id='word_1_105' title='bbox 283 1001 523 1054; x_wconf 83' lang='lat' dir='ltr'><strong>adgressum</strong></span> <span class='ocrx_word' id='word_1_106' title='bbox 555 1012 654 1040; x_wconf 89' lang='lat' dir='ltr'><strong>esse.</strong></span> <span class='ocrx_word' id='word_1_107' title='bbox 717 1000 875 1041; x_wconf 90' lang='lat' dir='ltr'><strong>accedit</strong></span> <span class='ocrx_word' id='word_1_108' title='bbox 912 1001 1016 1053; x_wconf 87' lang='lat' dir='ltr'><strong>quod</strong></span> <span class='ocrx_word' id='word_1_109' title='bbox 1055 1014 1101 1042; x_wconf 86' lang='lat' dir='ltr'><strong>ex</strong></span> <span class='ocrx_word' id='word_1_110' title='bbox 1140 1000 1208 1049; x_wconf 89' lang='lat' dir='ltr'><strong>iis,</strong></span> <span class='ocrx_word' id='word_1_111' title='bbox 1250 1001 1301 1041; x_wconf 90' lang='lat' dir='ltr'><strong>ad</strong></span> <span class='ocrx_word' id='word_1_112' title='bbox 1332 1013 1430 1054; x_wconf 89' lang='lat' dir='ltr'><strong>quos</strong></span> <span class='ocrx_word' id='word_1_113' title='bbox 1462 1001 1619 1043; x_wconf 89' lang='lat' dir='ltr'><strong>Plinius</strong></span> <span class='ocrx_word' id='word_1_114' title='bbox 1650 1001 1841 1054; x_wconf 85' lang='lat' dir='ltr'><strong>epistolas</strong></span> <span class='ocrx_word' id='word_1_115' title='bbox 1873 1002 1968 1043; x_wconf 89' lang='lat' dir='ltr'><strong>dare</strong></span> <span class='ocrx_word' id='word_1_116' title='bbox 2000 1003 2231 1049; x_wconf 89' lang='lat' dir='ltr'><strong>consuerat,</strong></span> <span class='ocrx_word' id='word_1_117' title='bbox 2266 1000 2385 1041; x_wconf 91' lang='lat' dir='ltr'><strong>multi</strong></span> <span class='ocrx_word' id='word_1_118' title='bbox 2418 1001 2536 1042; x_wconf 85' lang='lat' dir='ltr'><strong>erant</strong></span> 
     </span>
     <span class='ocr_line' id='line_1_11' title="bbox 284 1074 2534 1131; baseline -0 -14"><span class='ocrx_word' id='word_1_119' title='bbox 284 1075 352 1130; x_wconf 91' lang='lat' dir='ltr'><strong>qui</strong></span> <span class='ocrx_word' id='word_1_120' title='bbox 384 1077 424 1117; x_wconf 90' lang='lat' dir='ltr'><strong>et</strong></span> <span class='ocrx_word' id='word_1_121' title='bbox 453 1074 702 1116; x_wconf 84' lang='lat' dir='ltr'><strong>mirarentur</strong></span> <span class='ocrx_word' id='word_1_122' title='bbox 732 1076 837 1128; x_wconf 91' lang='lat' dir='ltr'><strong>quod</strong></span> <span class='ocrx_word' id='word_1_123' title='bbox 870 1089 947 1116; x_wconf 87' lang='lat' dir='ltr'><strong>non</strong></span> <span class='ocrx_word' id='word_1_124' title='bbox 979 1077 1202 1118; x_wconf 84' lang='lat' dir='ltr'><strong>orationem</strong></span> <span class='ocrx_word' id='word_1_125' title='bbox 1234 1076 1412 1130; x_wconf 86' lang='lat' dir='ltr'><strong>aliquam</strong></span> <span class='ocrx_word' id='word_1_126' title='bbox 1444 1075 1516 1119; x_wconf 89' lang='lat' dir='ltr'><strong>sed</strong></span> <span class='ocrx_word' id='word_1_127' title='bbox 1547 1076 1726 1119; x_wconf 89' lang='lat' dir='ltr'><strong>carmina</strong></span> <span class='ocrx_word' id='word_1_128' title='bbox 1758 1077 2010 1131; x_wconf 83' lang='lat' dir='ltr'><strong>accepissent</strong></span> <span class='ocrx_word' id='word_1_129' title='bbox 2041 1077 2120 1126; x_wconf 87' lang='lat' dir='ltr'><strong>(IV</strong></span> <span class='ocrx_word' id='word_1_130' title='bbox 2158 1078 2222 1118; x_wconf 87' lang='lat'><strong>14.</strong></span> <span class='ocrx_word' id='word_1_131' title='bbox 2262 1078 2330 1127; x_wconf 85' lang='grc'><strong>10)</strong></span> <span class='ocrx_word' id='word_1_132' title='bbox 2362 1079 2403 1118; x_wconf 87' lang='lat' dir='ltr'><strong>et-</strong></span> <span class='ocrx_word' id='word_1_133' title='bbox 2434 1075 2534 1117; x_wconf 85' lang='lat' dir='ltr'><strong>scri-</strong></span> 
     </span>
     <span class='ocr_line' id='line_1_12' title="bbox 285 1151 2536 1209; baseline -0 -14"><span class='ocrx_word' id='word_1_134' title='bbox 285 1155 356 1207; x_wconf 90' lang='lat' dir='ltr'><strong>pta</strong></span> <span class='ocrx_word' id='word_1_135' title='bbox 386 1151 550 1206; x_wconf 90' lang='lat' dir='ltr'><strong>quidem</strong></span> <span class='ocrx_word' id='word_1_136' title='bbox 583 1165 660 1194; x_wconf 89' lang='lat' dir='ltr'><strong>non</strong></span> <span class='ocrx_word' id='word_1_137' title='bbox 693 1153 984 1206; x_wconf 87' lang='lat' dir='ltr'><strong>improbarent.</strong></span> <span class='ocrx_word' id='word_1_138' title='bbox 1017 1166 1110 1195; x_wconf 85' lang='lat' dir='ltr'><strong>eum</strong></span> <span class='ocrx_word' id='word_1_139' title='bbox 1143 1156 1279 1196; x_wconf 86' lang='lat' dir='ltr'><strong>tamen</strong></span> <span class='ocrx_word' id='word_1_140' title='bbox 1311 1154 1441 1196; x_wconf 86' lang='lat' dir='ltr'><strong>amice</strong></span> <span class='ocrx_word' id='word_1_141' title='bbox 1473 1154 1792 1208; x_wconf 79' lang='lat' dir='ltr'><strong>simpliciterque</strong></span> <span class='ocrx_word' id='word_1_142' title='bbox 1823 1153 2166 1209; x_wconf 79' lang='lat' dir='ltr'><strong>reprehenderent</strong></span> <span class='ocrx_word' id='word_1_143' title='bbox 2195 1153 2300 1207; x_wconf 86' lang='lat' dir='ltr'><strong>quod</strong></span> <span class='ocrx_word' id='word_1_144' title='bbox 2332 1152 2402 1195; x_wconf 90' lang='lat' dir='ltr'><strong>illa</strong></span> <span class='ocrx_word' id='word_1_145' title='bbox 2434 1152 2536 1195; x_wconf 90' lang='lat' dir='ltr'><strong>scri-</strong></span> 
     </span>
     <span class='ocr_line' id='line_1_13' title="bbox 284 1229 1007 1284; baseline 0.001 -13"><span class='ocrx_word' id='word_1_146' title='bbox 284 1230 433 1283; x_wconf 89' lang='lat' dir='ltr'><strong>psisset</strong></span> <span class='ocrx_word' id='word_1_147' title='bbox 462 1229 754 1284; x_wconf 84' lang='lat' dir='ltr'><strong>recitassetque</strong></span> <span class='ocrx_word' id='word_1_148' title='bbox 787 1230 845 1283; x_wconf 77' lang='lat' dir='ltr'><strong>(V</strong></span> <span class='ocrx_word' id='word_1_149' title='bbox 878 1231 917 1274; x_wconf 77' lang='grc'><strong>3.</strong></span> <span class='ocrx_word' id='word_1_150' title='bbox 957 1232 1007 1282; x_wconf 92' lang='lat' dir='ltr'><strong>l).</strong></span> 
     </span>
    </p>

    <p class='ocr_par' dir='ltr' id='par_1_3' title="bbox 283 1305 2584 2810">
     <span class='ocr_line' id='line_1_14' title="bbox 461 1305 2535 1362; baseline 0.001 -17"><span class='ocrx_word' id='word_1_151' title='bbox 461 1305 547 1346; x_wconf 88' lang='lat' dir='ltr'><strong>Iam</strong></span> <span class='ocrx_word' id='word_1_152' title='bbox 579 1306 808 1347; x_wconf 86' lang='lat' dir='ltr'><strong>accedimus</strong></span> <span class='ocrx_word' id='word_1_153' title='bbox 839 1306 891 1347; x_wconf 89' lang='lat' dir='ltr'><strong>ad</strong></span> <span class='ocrx_word' id='word_1_154' title='bbox 923 1308 1213 1360; x_wconf 72' lang='lat' dir='ltr'><strong>percensendos</strong></span> <span class='ocrx_word' id='word_1_155' title='bbox 1245 1319 1310 1348; x_wconf 84' lang='lat' dir='ltr'><strong>eos</strong></span> <span class='ocrx_word' id='word_1_156' title='bbox 1342 1310 1479 1360; x_wconf 76' lang='lat' dir='ltr'><strong>poetas</strong></span> <span class='ocrx_word' id='word_1_157' title='bbox 1513 1308 1679 1350; x_wconf 85' lang='lat' dir='ltr'><strong>Latinos</strong></span> <span class='ocrx_word' id='word_1_158' title='bbox 1709 1322 1807 1361; x_wconf 89' lang='lat' dir='ltr'><strong>quos</strong></span> <span class='ocrx_word' id='word_1_159' title='bbox 1828 1309 1987 1350; x_wconf 91' lang='lat' dir='ltr'><strong>Plinius</strong></span> <span class='ocrx_word' id='word_1_160' title='bbox 2019 1309 2059 1350; x_wconf 92' lang='lat' dir='ltr'><strong>in</strong></span> <span class='ocrx_word' id='word_1_161' title='bbox 2092 1309 2278 1362; x_wconf 90' lang='lat' dir='ltr'><strong>epistulis</strong></span> <span class='ocrx_word' id='word_1_162' title='bbox 2309 1309 2393 1349; x_wconf 89' lang='lat' dir='ltr'><strong>suis</strong></span> <span class='ocrx_word' id='word_1_163' title='bbox 2424 1319 2535 1348; x_wconf 89' lang='lat' dir='ltr'><strong>com·</strong></span> 
     </span>
     <span class='ocr_line' id='line_1_15' title="bbox 285 1380 2531 1439; baseline 0 -15"><span class='ocrx_word' id='word_1_164' title='bbox 285 1380 537 1424; x_wconf 88' lang='lat' dir='ltr'><strong>memoravit.</strong></span> <span class='ocrx_word' id='word_1_165' title='bbox 599 1381 759 1423; x_wconf 87' lang='lat' dir='ltr'><strong>omissis</strong></span> <span class='ocrx_word' id='word_1_166' title='bbox 791 1382 919 1431; x_wconf 75' lang='lat' dir='ltr'><strong>Ennio</strong></span> <span class='ocrx_word' id='word_1_167' title='bbox 951 1383 1097 1426; x_wconf 86' lang='lat' dir='ltr'><strong>Plauto</strong></span> <span class='ocrx_word' id='word_1_168' title='bbox 1128 1383 1330 1433; x_wconf 75' lang='lat' dir='ltr'><strong>Terentio,</strong></span> <span class='ocrx_word' id='word_1_169' title='bbox 1362 1396 1533 1437; x_wconf 89' lang='lat' dir='ltr'><strong>quorum</strong></span> <span class='ocrx_word' id='word_1_170' title='bbox 1565 1385 1697 1426; x_wconf 88' lang='lat' dir='ltr'><strong>tribus</strong></span> <span class='ocrx_word' id='word_1_171' title='bbox 1727 1385 1994 1439; x_wconf 86' lang='lat' dir='ltr'><strong>epistularum</strong></span> <span class='ocrx_word' id='word_1_172' title='bbox 2025 1384 2124 1427; x_wconf 90' lang='lat' dir='ltr'><strong>locis</strong></span> <span class='ocrx_word' id='word_1_173' title='bbox 2165 1384 2207 1438; x_wconf 88' lang='lat' dir='ltr'><strong>(l</strong></span> <span class='ocrx_word' id='word_1_174' title='bbox 2243 1386 2307 1433; x_wconf 84' lang='lat'><strong>16.</strong></span> <span class='ocrx_word' id='word_1_175' title='bbox 2341 1385 2380 1425; x_wconf 81' lang='lat'><strong>6.</strong></span> <span class='ocrx_word' id='word_1_176' title='bbox 2425 1384 2460 1424; x_wconf 89' lang='lat' dir='ltr'>V</span> <span class='ocrx_word' id='word_1_177' title='bbox 2491 1384 2531 1431; x_wconf 90' lang='lat'><strong>3,</strong></span> 
     </span>
     <span class='ocr_line' id='line_1_16' title="bbox 285 1458 2534 1514; baseline 0.001 -16"><span class='ocrx_word' id='word_1_178' title='bbox 285 1459 324 1499; x_wconf 89' lang='lat'><strong>6.</strong></span> <span class='ocrx_word' id='word_1_179' title='bbox 367 1458 422 1498; x_wconf 91' lang='lat' dir='ltr'><strong>VI</strong></span> <span class='ocrx_word' id='word_1_180' title='bbox 456 1459 528 1505; x_wconf 89' lang='lat'><strong>24,</strong></span> <span class='ocrx_word' id='word_1_181' title='bbox 563 1459 611 1507; x_wconf 87' lang='lat'><strong>4)</strong></span> <span class='ocrx_word' id='word_1_182' title='bbox 644 1459 796 1500; x_wconf 91' lang='lat' dir='ltr'><strong>mentio</strong></span> <span class='ocrx_word' id='word_1_183' title='bbox 827 1459 895 1506; x_wconf 81' lang='lat' dir='ltr'><strong>fit,</strong></span> <span class='ocrx_word' id='word_1_184' title='bbox 940 1460 1172 1502; x_wconf 89' lang='lat' dir='ltr'><strong>Lucretium</strong></span> <span class='ocrx_word' id='word_1_185' title='bbox 1205 1460 1412 1502; x_wconf 86' lang='lat' dir='ltr'><strong>Catullum</strong></span> <span class='ocrx_word' id='word_1_186' title='bbox 1444 1461 1674 1514; x_wconf 78' lang='lat' dir='ltr'><strong>Vergilium</strong></span> <span class='ocrx_word' id='word_1_187' title='bbox 1708 1461 1922 1503; x_wconf 85' lang='lat' dir='ltr'><strong>Horatium</strong></span> <span class='ocrx_word' id='word_1_188' title='bbox 1955 1461 2209 1514; x_wconf 86' lang='lat' dir='ltr'><strong>Propertium</strong></span> <span class='ocrx_word' id='word_1_189' title='bbox 2241 1460 2387 1503; x_wconf 87' lang='lat' dir='ltr'><strong>Silium</strong></span> <span class='ocrx_word' id='word_1_190' title='bbox 2419 1460 2534 1501; x_wconf 88' lang='lat' dir='ltr'><strong>Mar-</strong></span> 
     </span>
     <span class='ocr_line' id='line_1_17' title="bbox 284 1534 2531 1591; baseline 0.001 -16"><span class='ocrx_word' id='word_1_191' title='bbox 284 1534 425 1575; x_wconf 88' lang='lat' dir='ltr'><strong>tialem</strong></span> <span class='ocrx_word' id='word_1_192' title='bbox 457 1534 686 1575; x_wconf 68' lang='lat' dir='ltr'><strong>nominabo</strong></span> <span class='ocrx_word' id='word_1_193' title='bbox 749 1537 795 1576; x_wconf 89' lang='lat' dir='ltr'><strong>ut</strong></span> <span class='ocrx_word' id='word_1_194' title='bbox 825 1542 961 1577; x_wconf 88' lang='lat' dir='ltr'><strong>autem</strong></span> <span class='ocrx_word' id='word_1_195' title='bbox 995 1538 1045 1578; x_wconf 86' lang='lat' dir='ltr'><strong>ab</strong></span> <span class='ocrx_word' id='word_1_196' title='bbox 1079 1536 1127 1578; x_wconf 90' lang='lat' dir='ltr'><strong>iis</strong></span> <span class='ocrx_word' id='word_1_197' title='bbox 1159 1538 1225 1590; x_wconf 89' lang='lat' dir='ltr'><strong>qui</strong></span> <span class='ocrx_word' id='word_1_198' title='bbox 1258 1537 1439 1579; x_wconf 86' lang='lat' dir='ltr'><strong>eiusdem</strong></span> <span class='ocrx_word' id='word_1_199' title='bbox 1482 1538 1631 1579; x_wconf 89' lang='lat' dir='ltr'><strong>aetatis</strong></span> <span class='ocrx_word' id='word_1_200' title='bbox 1662 1540 1779 1578; x_wconf 88' lang='lat' dir='ltr'><strong>erant</strong></span> <span class='ocrx_word' id='word_1_201' title='bbox 1811 1538 1973 1579; x_wconf 91' lang='lat' dir='ltr'><strong>initium</strong></span> <span class='ocrx_word' id='word_1_202' title='bbox 2006 1537 2184 1591; x_wconf 87' lang='lat' dir='ltr'><strong>capiam,</strong></span> <span class='ocrx_word' id='word_1_203' title='bbox 2226 1536 2395 1578; x_wconf 90' lang='lat' dir='ltr'><strong>Caninio</strong></span> <span class='ocrx_word' id='word_1_204' title='bbox 2425 1535 2531 1578; x_wconf 88' lang='lat' dir='ltr'><strong>Rufo</strong></span> 
     </span>
     <span class='ocr_line' id='line_1_18' title="bbox 285 1610 2531 1668; baseline 0 -16"><span class='ocrx_word' id='word_1_205' title='bbox 285 1610 334 1653; x_wconf 91' lang='lat' dir='ltr'><strong>de</strong></span> <span class='ocrx_word' id='word_1_206' title='bbox 356 1612 484 1654; x_wconf 90' lang='lat' dir='ltr'><strong>morte</strong></span> <span class='ocrx_word' id='word_1_207' title='bbox 507 1610 596 1654; x_wconf 92' lang='lat' dir='ltr'><strong>Silii</strong></span> <span class='ocrx_word' id='word_1_208' title='bbox 619 1612 767 1662; x_wconf 90' lang='lat' dir='ltr'><strong>Italici,</strong></span> <span class='ocrx_word' id='word_1_209' title='bbox 800 1613 868 1667; x_wconf 93' lang='lat' dir='ltr'><strong>qui</strong></span> <span class='ocrx_word' id='word_1_210' title='bbox 900 1614 1081 1655; x_wconf 86' lang='lat' dir='ltr'><strong>carmina</strong></span> <span class='ocrx_word' id='word_1_211' title='bbox 1112 1613 1263 1656; x_wconf 89' lang='lat' dir='ltr'><strong>maiore</strong></span> <span class='ocrx_word' id='word_1_212' title='bbox 1295 1626 1391 1655; x_wconf 89' lang='lat' dir='ltr'><strong>cura</strong></span> <span class='ocrx_word' id='word_1_213' title='bbox 1422 1626 1543 1667; x_wconf 88' lang='lat' dir='ltr'><strong>quam</strong></span> <span class='ocrx_word' id='word_1_214' title='bbox 1576 1614 1740 1668; x_wconf 77' lang='lat' dir='ltr'><strong>ingenio</strong></span> <span class='ocrx_word' id='word_1_215' title='bbox 1772 1613 1977 1656; x_wconf 87' lang='lat' dir='ltr'><strong>scribebat</strong></span> <span class='ocrx_word' id='word_1_216' title='bbox 2007 1625 2207 1667; x_wconf 87' lang='lat' dir='ltr'><strong>quemque</strong></span> <span class='ocrx_word' id='word_1_217' title='bbox 2237 1624 2342 1654; x_wconf 91' lang='lat' dir='ltr'><strong>anno</strong></span> <span class='ocrx_word' id='word_1_218' title='bbox 2373 1625 2411 1667; x_wconf 91' lang='lat' dir='ltr'><strong>p.</strong></span> <span class='ocrx_word' id='word_1_219' title='bbox 2435 1610 2531 1653; x_wconf 90' lang='lat' dir='ltr'><strong>Chr.</strong></span> 
     </span>
     <span class='ocr_line' id='line_1_19' title="bbox 283 1688 2533 1745; baseline 0 -16"><span class='ocrx_word' id='word_1_220' title='bbox 283 1688 504 1730; x_wconf 90' lang='lat' dir='ltr'><strong>centesimo</strong></span> <span class='ocrx_word' id='word_1_221' title='bbox 537 1689 665 1742; x_wconf 84' lang='lat' dir='ltr'><strong>primo</strong></span> <span class='ocrx_word' id='word_1_222' title='bbox 696 1693 902 1733; x_wconf 89' lang='lat' dir='ltr'><strong>mortuum</strong></span> <span class='ocrx_word' id='word_1_223' title='bbox 934 1705 1021 1734; x_wconf 88' lang='lat' dir='ltr'><strong>esse</strong></span> <span class='ocrx_word' id='word_1_224' title='bbox 1053 1691 1281 1745; x_wconf 89' lang='lat' dir='ltr'><strong>nuperrime</strong></span> <span class='ocrx_word' id='word_1_225' title='bbox 1312 1690 1616 1733; x_wconf 83' lang='lat' dir='ltr'><strong>accuratissima</strong></span> <span class='ocrx_word' id='word_1_226' title='bbox 1649 1689 1800 1732; x_wconf 88' lang='lat' dir='ltr'><strong>Theod.</strong></span> <span class='ocrx_word' id='word_1_227' title='bbox 1835 1689 2533 1744; x_wconf 83' lang='lat' dir='ltr'><strong>Mommseni¹⁰)argumentatione</strong></span> 
     </span>
     <span class='ocr_line' id='line_1_20' title="bbox 284 1763 2535 1820; baseline 0 -15"><span class='ocrx_word' id='word_1_228' title='bbox 284 1763 608 1806; x_wconf 82' lang='lat' dir='ltr'><strong>demonstra-tum</strong></span> <span class='ocrx_word' id='word_1_229' title='bbox 639 1767 713 1814; x_wconf 87' lang='lat' dir='ltr'><strong>est,</strong></span> <span class='ocrx_word' id='word_1_230' title='bbox 746 1766 905 1808; x_wconf 83' lang='lat' dir='ltr'><strong>Plinius</strong></span> <span class='ocrx_word' id='word_1_231' title='bbox 937 1767 1109 1809; x_wconf 88' lang='lat' dir='ltr'><strong>tradidit</strong></span> <span class='ocrx_word' id='word_1_232' title='bbox 1139 1767 1198 1808; x_wconf 83' lang='grc' dir='ltr'><strong>ΙΙΙ</strong></span> <span class='ocrx_word' id='word_1_233' title='bbox 1232 1768 1270 1810; x_wconf 85' lang='lat'><strong>7.</strong></span> <span class='ocrx_word' id='word_1_234' title='bbox 1310 1768 1324 1808; x_wconf 92' lang='lat' dir='ltr'><strong>l</strong></span> <span class='ocrx_word' id='word_1_235' title='bbox 1361 1778 1448 1820; x_wconf 88' lang='lat' dir='ltr'><strong>sqq.</strong></span> <span class='ocrx_word' id='word_1_236' title='bbox 1482 1766 1770 1820; x_wconf 89' lang='lat' dir='ltr'><strong>Valeriumque</strong></span> <span class='ocrx_word' id='word_1_237' title='bbox 1802 1766 2060 1815; x_wconf 87' lang='lat' dir='ltr'><strong>Martialem,</strong></span> <span class='ocrx_word' id='word_1_238' title='bbox 2093 1778 2215 1819; x_wconf 92' lang='lat' dir='ltr'><strong>quem</strong></span> <span class='ocrx_word' id='word_1_239' title='bbox 2245 1765 2393 1807; x_wconf 85' lang='lat' dir='ltr'><strong>viatico</strong></span> <span class='ocrx_word' id='word_1_240' title='bbox 2424 1777 2535 1807; x_wconf 85' lang='lat' dir='ltr'><strong>sece-</strong></span> 
     </span>
     <span class='ocr_line' id='line_1_21' title="bbox 284 1840 2533 1897; baseline 0 -16"><span class='ocrx_word' id='word_1_241' title='bbox 284 1840 448 1882; x_wconf 89' lang='lat' dir='ltr'><strong>dentem</strong></span> <span class='ocrx_word' id='word_1_242' title='bbox 480 1844 714 1894; x_wconf 87' lang='lat' dir='ltr'><strong>prosecutus</strong></span> <span class='ocrx_word' id='word_1_243' title='bbox 746 1845 845 1886; x_wconf 88' lang='lat' dir='ltr'><strong>erat.</strong></span> <span class='ocrx_word' id='word_1_244' title='bbox 879 1844 1084 1885; x_wconf 89' lang='lat' dir='ltr'><strong>hominem</strong></span> <span class='ocrx_word' id='word_1_245' title='bbox 1117 1843 1371 1897; x_wconf 86' lang='lat' dir='ltr'><strong>ingeniosum</strong></span> <span class='ocrx_word' id='word_1_246' title='bbox 1402 1844 1567 1884; x_wconf 90' lang='lat' dir='ltr'><strong>acutum</strong></span> <span class='ocrx_word' id='word_1_247' title='bbox 1599 1854 1733 1883; x_wconf 83' lang='lat' dir='ltr'><strong>acrem</strong></span> <span class='ocrx_word' id='word_1_248' title='bbox 1775 1842 1876 1883; x_wconf 92' lang='lat' dir='ltr'><strong>dicit</strong></span> <span class='ocrx_word' id='word_1_249' title='bbox 1912 1841 2287 1894; x_wconf 87' lang='lat' dir='ltr'><strong>amicissimumque</strong></span> <span class='ocrx_word' id='word_1_250' title='bbox 2328 1842 2533 1882; x_wconf 89' lang='lat' dir='ltr'><strong>mortuum</strong></span> 
     </span>
     <span class='ocr_line' id='line_1_22' title="bbox 285 1917 2534 1974; baseline -0 -16"><span class='ocrx_word' id='word_1_251' title='bbox 285 1928 371 1959; x_wconf 88' lang='lat' dir='ltr'><strong>esse</strong></span> <span class='ocrx_word' id='word_1_252' title='bbox 403 1917 514 1960; x_wconf 86' lang='lat' dir='ltr'><strong>dolet</strong></span> <span class='ocrx_word' id='word_1_253' title='bbox 544 1918 602 1959; x_wconf 85' lang='grc' dir='ltr'><strong>ΠΙ</strong></span> <span class='ocrx_word' id='word_1_254' title='bbox 636 1920 704 1968; x_wconf 84' lang='grc'><strong>21,</strong></span> <span class='ocrx_word' id='word_1_255' title='bbox 744 1921 759 1960; x_wconf 97' lang='grc'>1</span> <span class='ocrx_word' id='word_1_256' title='bbox 797 1931 883 1973; x_wconf 88' lang='lat' dir='ltr'><strong>sqq.</strong></span> <span class='ocrx_word' id='word_1_257' title='bbox 947 1919 1093 1962; x_wconf 86' lang='lat' dir='ltr'><strong>deinde</strong></span> <span class='ocrx_word' id='word_1_258' title='bbox 1123 1922 1338 1974; x_wconf 85' lang='lat' dir='ltr'><strong>postquam</strong></span> <span class='ocrx_word' id='word_1_259' title='bbox 1370 1919 1407 1961; x_wconf 87' lang='lat' dir='ltr'><strong>ei</strong></span> <span class='ocrx_word' id='word_1_260' title='bbox 1438 1918 1658 1973; x_wconf 84' lang='lat' dir='ltr'><strong>plurimum</strong></span> <span class='ocrx_word' id='word_1_261' title='bbox 1693 1919 1734 1960; x_wconf 93' lang='lat' dir='ltr'><strong>in</strong></span> <span class='ocrx_word' id='word_1_262' title='bbox 1764 1918 1977 1961; x_wconf 89' lang='lat' dir='ltr'><strong>scribendo</strong></span> <span class='ocrx_word' id='word_1_263' title='bbox 2018 1920 2060 1960; x_wconf 90' lang='lat' dir='ltr'><strong>et</strong></span> <span class='ocrx_word' id='word_1_264' title='bbox 2101 1918 2198 1960; x_wconf 89' lang='lat' dir='ltr'><strong>salis</strong></span> <span class='ocrx_word' id='word_1_265' title='bbox 2239 1920 2282 1960; x_wconf 90' lang='lat' dir='ltr'><strong>et</strong></span> <span class='ocrx_word' id='word_1_266' title='bbox 2321 1917 2429 1959; x_wconf 88' lang='lat' dir='ltr'><strong>fellis</strong></span> <span class='ocrx_word' id='word_1_267' title='bbox 2460 1928 2534 1958; x_wconf 89' lang='lat' dir='ltr'><strong>nec</strong></span> 
     </span>
     <span class='ocr_line' id='line_1_23' title="bbox 284 1993 2533 2051; baseline 0 -16"><span class='ocrx_word' id='word_1_268' title='bbox 284 1993 469 2036; x_wconf 87' lang='lat' dir='ltr'><strong>candoris</strong></span> <span class='ocrx_word' id='word_1_269' title='bbox 500 1995 634 2038; x_wconf 90' lang='lat' dir='ltr'><strong>minus</strong></span> <span class='ocrx_word' id='word_1_270' title='bbox 665 1996 789 2039; x_wconf 88' lang='lat' dir='ltr'><strong>fuisse</strong></span> <span class='ocrx_word' id='word_1_271' title='bbox 822 1997 1038 2048; x_wconf 87' lang='lat' dir='ltr'><strong>iudicavit,</strong></span> <span class='ocrx_word' id='word_1_272' title='bbox 1085 2010 1224 2040; x_wconf 80' lang='lat' dir='ltr'><strong>versus</strong></span> <span class='ocrx_word' id='word_1_273' title='bbox 1265 2010 1289 2039; x_wconf 86' lang='lat' dir='ltr'><strong>a</strong></span> <span class='ocrx_word' id='word_1_274' title='bbox 1322 1996 1511 2038; x_wconf 84' lang='lat' dir='ltr'><strong>Martiale</strong></span> <span class='ocrx_word' id='word_1_275' title='bbox 1533 1995 1704 2050; x_wconf 80' lang='lat' dir='ltr'><strong>-(epigr.</strong></span> <span class='ocrx_word' id='word_1_276' title='bbox 1738 1994 1774 2036; x_wconf 92' lang='lat' dir='ltr'>X</span> <span class='ocrx_word' id='word_1_277' title='bbox 1813 1996 1890 2051; x_wconf 80' lang='lat'><strong>19)</strong></span> <span class='ocrx_word' id='word_1_278' title='bbox 1937 1995 1978 2037; x_wconf 90' lang='lat' dir='ltr'><strong>in</strong></span> <span class='ocrx_word' id='word_1_279' title='bbox 2021 2008 2062 2038; x_wconf 84' lang='lat' dir='ltr'><strong>se</strong></span> <span class='ocrx_word' id='word_1_280' title='bbox 2104 1994 2346 2049; x_wconf 88' lang='lat' dir='ltr'><strong>compositos</strong></span> <span class='ocrx_word' id='word_1_281' title='bbox 2386 1993 2533 2043; x_wconf 85' lang='lat' dir='ltr'><strong>adfert,</strong></span> 
     </span>
     <span class='ocr_line' id='line_1_24' title="bbox 285 2071 2534 2127; baseline 0 -15"><span class='ocrx_word' id='word_1_282' title='bbox 285 2082 383 2124; x_wconf 93' lang='lat' dir='ltr'><strong>quos</strong></span> <span class='ocrx_word' id='word_1_283' title='bbox 414 2071 520 2118; x_wconf 86' lang='lat' dir='ltr'><strong>laeto</strong></span> <span class='ocrx_word' id='word_1_284' title='bbox 552 2072 688 2115; x_wconf 89' lang='lat' dir='ltr'><strong>animo</strong></span> <span class='ocrx_word' id='word_1_285' title='bbox 719 2086 811 2116; x_wconf 92' lang='lat' dir='ltr'><strong>cum</strong></span> <span class='ocrx_word' id='word_1_286' title='bbox 843 2073 1026 2116; x_wconf 89' lang='lat' dir='ltr'><strong>Cornelio</strong></span> <span class='ocrx_word' id='word_1_287' title='bbox 1058 2073 1197 2116; x_wconf 87' lang='lat' dir='ltr'><strong>Prisco</strong></span> <span class='ocrx_word' id='word_1_288' title='bbox 1230 2073 1391 2116; x_wconf 82' lang='lat' dir='ltr'><strong>videtur</strong></span> <span class='ocrx_word' id='word_1_289' title='bbox 1422 2073 1777 2115; x_wconf 88' lang='lat' dir='ltr'><strong>c01nmunicasse.¹</strong></span> <span class='ocrx_word' id='word_1_290' title='bbox 1793 2073 1830 2125; x_wconf 90' lang='lat'><strong>¹)</strong></span> <span class='ocrx_word' id='word_1_291' title='bbox 1893 2073 1998 2114; x_wconf 90' lang='lat' dir='ltr'><strong>inter</strong></span> <span class='ocrx_word' id='word_1_292' title='bbox 2030 2071 2174 2127; x_wconf 85' lang='lat' dir='ltr'><strong>prioris</strong></span> <span class='ocrx_word' id='word_1_293' title='bbox 2205 2073 2343 2113; x_wconf 87' lang='lat' dir='ltr'><strong>autem</strong></span> <span class='ocrx_word' id='word_1_294' title='bbox 2374 2072 2534 2125; x_wconf 85' lang='lat' dir='ltr'><strong>tempo·</strong></span> 
     </span>
     <span class='ocr_line' id='line_1_25' title="bbox 284 2147 2534 2205; baseline -0 -16"><span class='ocrx_word' id='word_1_295' title='bbox 284 2147 340 2189; x_wconf 90' lang='lat' dir='ltr'><strong>ris</strong></span> <span class='ocrx_word' id='word_1_296' title='bbox 372 2151 510 2202; x_wconf 88' lang='lat' dir='ltr'><strong>poetas</strong></span> <span class='ocrx_word' id='word_1_297' title='bbox 542 2148 702 2192; x_wconf 88' lang='lat' dir='ltr'><strong>Catullo</strong></span> <span class='ocrx_word' id='word_1_298' title='bbox 734 2153 775 2192; x_wconf 88' lang='lat' dir='ltr'><strong>et</strong></span> <span class='ocrx_word' id='word_1_299' title='bbox 806 2150 986 2205; x_wconf 85' lang='lat' dir='ltr'><strong>Vergilio</strong></span> <span class='ocrx_word' id='word_1_300' title='bbox 1008 2151 1166 2192; x_wconf 89' lang='lat' dir='ltr'><strong>Plinius</strong></span> <span class='ocrx_word' id='word_1_301' title='bbox 1198 2163 1376 2192; x_wconf 89' lang='lat' dir='ltr'><strong>summos</strong></span> <span class='ocrx_word' id='word_1_302' title='bbox 1408 2150 1554 2192; x_wconf 88' lang='lat' dir='ltr'><strong>tribuit</strong></span> <span class='ocrx_word' id='word_1_303' title='bbox 1584 2149 1767 2195; x_wconf 79' lang='lat' dir='ltr'><strong>honores,</strong></span> <span class='ocrx_word' id='word_1_304' title='bbox 1800 2161 1895 2190; x_wconf 89' lang='lat' dir='ltr'><strong>nam</strong></span> <span class='ocrx_word' id='word_1_305' title='bbox 1927 2151 1969 2191; x_wconf 89' lang='lat' dir='ltr'><strong>et</strong></span> <span class='ocrx_word' id='word_1_306' title='bbox 1990 2148 2169 2190; x_wconf 89' lang='lat' dir='ltr'><strong>Lucretii</strong></span> <span class='ocrx_word' id='word_1_307' title='bbox 2202 2151 2243 2190; x_wconf 88' lang='lat' dir='ltr'><strong>et</strong></span> <span class='ocrx_word' id='word_1_308' title='bbox 2265 2147 2424 2189; x_wconf 88' lang='lat' dir='ltr'><strong>Horatii</strong></span> <span class='ocrx_word' id='word_1_309' title='bbox 2456 2160 2534 2188; x_wconf 90' lang='lat' dir='ltr'><strong>uno</strong></span> 
     </span>
     <span class='ocr_line' id='line_1_26' title="bbox 285 2225 2584 2279; baseline -0 -14"><span class='ocrx_word' id='word_1_310' title='bbox 285 2225 447 2266; x_wconf 89' lang='lat' dir='ltr'><strong>tantum</strong></span> <span class='ocrx_word' id='word_1_311' title='bbox 478 2225 564 2267; x_wconf 90' lang='lat' dir='ltr'><strong>loco</strong></span> <span class='ocrx_word' id='word_1_312' title='bbox 594 2226 842 2269; x_wconf 90' lang='lat' dir='ltr'><strong>mentionem</strong></span> <span class='ocrx_word' id='word_1_313' title='bbox 875 2227 993 2269; x_wconf 87' lang='lat' dir='ltr'><strong>fecit:</strong></span> <span class='ocrx_word' id='word_1_314' title='bbox 1038 2227 1092 2267; x_wconf 91' lang='lat' dir='ltr'><strong>lV</strong></span> <span class='ocrx_word' id='word_1_315' title='bbox 1125 2228 1188 2275; x_wconf 80' lang='lat'><strong>18.</strong></span> <span class='ocrx_word' id='word_1_316' title='bbox 1227 2229 1245 2268; x_wconf 93' lang='lat'><strong>1</strong></span> <span class='ocrx_word' id='word_1_317' title='bbox 1280 2227 1350 2268; x_wconf 88' lang='lat' dir='ltr'><strong>ubi</strong></span> <span class='ocrx_word' id='word_1_318' title='bbox 1381 2226 1621 2268; x_wconf 87' lang='lat' dir='ltr'><strong>Lucretiana</strong></span> <span class='ocrx_word' id='word_1_319' title='bbox 1656 2238 1750 2267; x_wconf 81' lang='lat' dir='ltr'><strong>voce</strong></span> <span class='ocrx_word' id='word_1_320' title='bbox 1776 2227 1914 2278; x_wconf 71' lang='lat' dir='ltr'><strong>patrii</strong></span> <span class='ocrx_word' id='word_1_321' title='bbox 1944 2226 2141 2267; x_wconf 68' lang='lat' dir='ltr'><strong>sermonis</strong></span> <span class='ocrx_word' id='word_1_322' title='bbox 2170 2229 2322 2279; x_wconf 73' lang='lat' dir='ltr'><strong>eyestas</strong></span> <span class='ocrx_word' id='word_1_323' title='bbox 2351 2225 2393 2275; x_wconf 89' lang='grc' dir='ltr'><strong>(Ι</strong></span> <span class='ocrx_word' id='word_1_324' title='bbox 2427 2225 2531 2275; x_wconf 87' lang='grc'>832)</span> <span class='ocrx_word' id='word_1_325' title='bbox 2579 2251 2584 2255; x_wconf 88' lang='grc'><strong>-</strong></span> 
     </span>
     <span class='ocr_line' id='line_1_27' title="bbox 284 2300 2526 2351; baseline -0 -10"><span class='ocrx_word' id='word_1_326' title='bbox 284 2312 380 2341; x_wconf 90' lang='lat' dir='ltr'><strong>usus</strong></span> <span class='ocrx_word' id='word_1_327' title='bbox 411 2302 473 2343; x_wconf 91' lang='lat' dir='ltr'><strong>est</strong></span> <span class='ocrx_word' id='word_1_328' title='bbox 504 2303 546 2343; x_wconf 92' lang='lat' dir='ltr'><strong>et</strong></span> <span class='ocrx_word' id='word_1_329' title='bbox 575 2301 634 2343; x_wconf 87' lang='lat' dir='ltr'><strong>IX</strong></span> <span class='ocrx_word' id='word_1_330' title='bbox 667 2302 735 2351; x_wconf 87' lang='lat'><strong>22,</strong></span> <span class='ocrx_word' id='word_1_331' title='bbox 769 2303 793 2343; x_wconf 90' lang='grc'>2</span> <span class='ocrx_word' id='word_1_332' title='bbox 826 2302 895 2344; x_wconf 91' lang='lat' dir='ltr'><strong>ubi</strong></span> <span class='ocrx_word' id='word_1_333' title='bbox 927 2302 1178 2345; x_wconf 87' lang='lat' dir='ltr'><strong>Passennum</strong></span> <span class='ocrx_word' id='word_1_334' title='bbox 1211 2303 1400 2345; x_wconf 88' lang='lat' dir='ltr'><strong>Paullum</strong></span> <span class='ocrx_word' id='word_1_335' title='bbox 1437 2302 1593 2344; x_wconf 87' lang='lat' dir='ltr'><strong>Horatii</strong></span> <span class='ocrx_word' id='word_1_336' title='bbox 1626 2302 1875 2344; x_wconf 88' lang='lat' dir='ltr'><strong>imitatorem</strong></span> <span class='ocrx_word' id='word_1_337' title='bbox 1907 2300 2022 2342; x_wconf 86' lang='lat' dir='ltr'><strong>dixit.</strong></span> <span class='ocrx_word' id='word_1_338' title='bbox 2076 2300 2227 2343; x_wconf 88' lang='lat' dir='ltr'><strong>ibidem</strong></span> <span class='ocrx_word' id='word_1_339' title='bbox 2259 2303 2302 2342; x_wconf 87' lang='lat' dir='ltr'><strong>et</strong></span> <span class='ocrx_word' id='word_1_340' title='bbox 2332 2300 2389 2341; x_wconf 89' lang='lat' dir='ltr'><strong>VI</strong></span> <span class='ocrx_word' id='word_1_341' title='bbox 2415 2301 2480 2348; x_wconf 88' lang='lat'><strong>15,</strong></span> <span class='ocrx_word' id='word_1_342' title='bbox 2508 2300 2526 2340; x_wconf 96' lang='lat' dir='ltr'><strong>l</strong></span> 
     </span>
     <span class='ocr_line' id='line_1_28' title="bbox 286 2375 2533 2430; baseline 0 -14"><span class='ocrx_word' id='word_1_343' title='bbox 286 2375 521 2430; x_wconf 87' lang='lat' dir='ltr'><strong>Propertius</strong></span> <span class='ocrx_word' id='word_1_344' title='bbox 552 2390 631 2419; x_wconf 91' lang='lat' dir='ltr'><strong>non</strong></span> <span class='ocrx_word' id='word_1_345' title='bbox 663 2378 792 2420; x_wconf 89' lang='lat' dir='ltr'><strong>solum</strong></span> <span class='ocrx_word' id='word_1_346' title='bbox 815 2378 921 2421; x_wconf 89' lang='lat' dir='ltr'><strong>inter</strong></span> <span class='ocrx_word' id='word_1_347' title='bbox 944 2378 1137 2420; x_wconf 87' lang='lat' dir='ltr'><strong>Passenni</strong></span> <span class='ocrx_word' id='word_1_348' title='bbox 1159 2379 1294 2421; x_wconf 89' lang='lat' dir='ltr'><strong>Paulli</strong></span> <span class='ocrx_word' id='word_1_349' title='bbox 1315 2379 1489 2420; x_wconf 88' lang='lat' dir='ltr'><strong>maiores</strong></span> <span class='ocrx_word' id='word_1_350' title='bbox 1509 2378 1580 2420; x_wconf 87' lang='lat' dir='ltr'><strong>sed</strong></span> <span class='ocrx_word' id='word_1_351' title='bbox 1612 2378 1736 2419; x_wconf 90' lang='lat' dir='ltr'><strong>etiam</strong></span> <span class='ocrx_word' id='word_1_352' title='bbox 1768 2378 1875 2418; x_wconf 88' lang='lat' dir='ltr'><strong>inter</strong></span> <span class='ocrx_word' id='word_1_353' title='bbox 1905 2389 1971 2418; x_wconf 88' lang='lat' dir='ltr'><strong>eos</strong></span> <span class='ocrx_word' id='word_1_354' title='bbox 2002 2379 2140 2430; x_wconf 89' lang='lat' dir='ltr'><strong>poetas</strong></span> <span class='ocrx_word' id='word_1_355' title='bbox 2162 2379 2399 2417; x_wconf 89' lang='lat' dir='ltr'><strong>numeratur</strong></span> <span class='ocrx_word' id='word_1_356' title='bbox 2427 2389 2533 2430; x_wconf 84' lang='lat' dir='ltr'><strong>quos</strong></span> 
     </span>
     <span class='ocr_line' id='line_1_29' title="bbox 285 2451 2534 2508; baseline 0 -16"><span class='ocrx_word' id='word_1_357' title='bbox 285 2451 520 2505; x_wconf 89' lang='lat' dir='ltr'><strong>splendidus</strong></span> <span class='ocrx_word' id='word_1_358' title='bbox 552 2454 620 2495; x_wconf 91' lang='lat' dir='ltr'><strong>ille</strong></span> <span class='ocrx_word' id='word_1_359' title='bbox 652 2467 772 2508; x_wconf 83' lang='lat' dir='ltr'><strong>eques</strong></span> <span class='ocrx_word' id='word_1_360' title='bbox 803 2455 1008 2496; x_wconf 83' lang='lat' dir='ltr'><strong>Romanus</strong></span> <span class='ocrx_word' id='word_1_361' title='bbox 1039 2454 1194 2495; x_wconf 89' lang='lat' dir='ltr'><strong>imitari</strong></span> <span class='ocrx_word' id='word_1_362' title='bbox 1225 2455 1428 2496; x_wconf 88' lang='lat' dir='ltr'><strong>studebat.</strong></span> <span class='ocrx_word' id='word_1_363' title='bbox 1491 2467 1695 2494; x_wconf 86' lang='lat' dir='ltr'><strong>summum</strong></span> <span class='ocrx_word' id='word_1_364' title='bbox 1727 2466 1819 2494; x_wconf 89' lang='lat' dir='ltr'><strong>vero</strong></span> <span class='ocrx_word' id='word_1_365' title='bbox 1850 2454 1981 2494; x_wconf 90' lang='lat' dir='ltr'><strong>locum</strong></span> <span class='ocrx_word' id='word_1_366' title='bbox 2013 2452 2199 2494; x_wconf 81' lang='lat' dir='ltr'><strong>Catullus</strong></span> <span class='ocrx_word' id='word_1_367' title='bbox 2230 2456 2351 2506; x_wconf 86' lang='lat' dir='ltr'><strong>atque</strong></span> <span class='ocrx_word' id='word_1_368' title='bbox 2383 2453 2534 2507; x_wconf 84' lang='lat' dir='ltr'><strong>Vergi-</strong></span> 
     </span>
     <span class='ocr_line' id='line_1_30' title="bbox 285 2527 2534 2584; baseline 0.002 -17"><span class='ocrx_word' id='word_1_369' title='bbox 285 2527 363 2569; x_wconf 90' lang='lat' dir='ltr'><strong>lius</strong></span> <span class='ocrx_word' id='word_1_370' title='bbox 393 2530 548 2578; x_wconf 89' lang='lat' dir='ltr'><strong>tenent,</strong></span> <span class='ocrx_word' id='word_1_371' title='bbox 580 2544 750 2584; x_wconf 91' lang='lat' dir='ltr'><strong>quorum</strong></span> <span class='ocrx_word' id='word_1_372' title='bbox 782 2534 998 2584; x_wconf 88' lang='lat' dir='ltr'><strong>utrumque</strong></span> <span class='ocrx_word' id='word_1_373' title='bbox 1030 2531 1203 2572; x_wconf 82' lang='lat' dir='ltr'><strong>maxime</strong></span> <span class='ocrx_word' id='word_1_374' title='bbox 1235 2531 1528 2573; x_wconf 85' lang='lat' dir='ltr'><strong>admirabatur.</strong></span> <span class='ocrx_word' id='word_1_375' title='bbox 1591 2530 1648 2570; x_wconf 90' lang='lat' dir='ltr'><strong>IX</strong></span> <span class='ocrx_word' id='word_1_376' title='bbox 1682 2531 1750 2577; x_wconf 81' lang='lat'><strong>25.</strong></span> <span class='ocrx_word' id='word_1_377' title='bbox 1783 2532 1809 2570; x_wconf 86' lang='lat'><strong>3</strong></span> <span class='ocrx_word' id='word_1_378' title='bbox 1842 2529 2079 2571; x_wconf 88' lang='lat' dir='ltr'><strong>Mamiliano</strong></span> <span class='ocrx_word' id='word_1_379' title='bbox 2110 2529 2360 2582; x_wconf 89' lang='lat' dir='ltr'><strong>passerculos</strong></span> <span class='ocrx_word' id='word_1_380' title='bbox 2392 2531 2435 2572; x_wconf 90' lang='lat' dir='ltr'><strong>et</strong></span> <span class='ocrx_word' id='word_1_381' title='bbox 2465 2542 2534 2571; x_wconf 91' lang='lat' dir='ltr'><strong>co-</strong></span> 
     </span>
     <span class='ocr_line' id='line_1_31' title="bbox 284 2603 2534 2659; baseline 0.003 -17"><span class='ocrx_word' id='word_1_382' title='bbox 284 2603 486 2645; x_wconf 92' lang='lat' dir='ltr'><strong>lumbulos</strong></span> <span class='ocrx_word' id='word_1_383' title='bbox 516 2605 631 2647; x_wconf 90' lang='lat' dir='ltr'><strong>misit</strong></span> <span class='ocrx_word' id='word_1_384' title='bbox 662 2607 687 2647; x_wconf 91' lang='lat' dir='ltr'><strong>i.</strong></span> <span class='ocrx_word' id='word_1_385' title='bbox 720 2621 754 2648; x_wconf 91' lang='lat' dir='ltr'><strong>e.</strong></span> <span class='ocrx_word' id='word_1_386' title='bbox 786 2606 969 2648; x_wconf 88' lang='lat' dir='ltr'><strong>carmina</strong></span> <span class='ocrx_word' id='word_1_387' title='bbox 998 2606 1039 2647; x_wconf 93' lang='lat' dir='ltr'><strong>in</strong></span> <span class='ocrx_word' id='word_1_388' title='bbox 1070 2606 1215 2659; x_wconf 88' lang='lat' dir='ltr'><strong>quibus</strong></span> <span class='ocrx_word' id='word_1_389' title='bbox 1247 2606 1397 2648; x_wconf 90' lang='lat' dir='ltr'><strong>Catulli</strong></span> <span class='ocrx_word' id='word_1_390' title='bbox 1419 2607 1630 2647; x_wconf 87' lang='lat' dir='ltr'><strong>Passerem</strong></span> <span class='ocrx_word' id='word_1_391' title='bbox 1662 2607 1704 2646; x_wconf 90' lang='lat' dir='ltr'><strong>et</strong></span> <span class='ocrx_word' id='word_1_392' title='bbox 1734 2605 1885 2646; x_wconf 87' lang='lat' dir='ltr'><strong>Stellae</strong></span> <span class='ocrx_word' id='word_1_393' title='bbox 1907 2604 2147 2646; x_wconf 89' lang='lat' dir='ltr'><strong>Columbam</strong></span> <span class='ocrx_word' id='word_1_394' title='bbox 2179 2605 2333 2646; x_wconf 89' lang='lat' dir='ltr'><strong>imitari</strong></span> <span class='ocrx_word' id='word_1_395' title='bbox 2364 2607 2534 2648; x_wconf 84' lang='lat' dir='ltr'><strong>conatus</strong></span> 
     </span>
     <span class='ocr_line' id='line_1_32' title="bbox 284 2680 2531 2735; baseline 0.001 -15"><span class='ocrx_word' id='word_1_396' title='bbox 284 2680 359 2727; x_wconf 90' lang='lat' dir='ltr'><strong>est,</strong></span> <span class='ocrx_word' id='word_1_397' title='bbox 391 2681 512 2734; x_wconf 87' lang='lat' dir='ltr'><strong>atque</strong></span> <span class='ocrx_word' id='word_1_398' title='bbox 544 2681 601 2722; x_wconf 88' lang='lat' dir='ltr'><strong>IV</strong></span> <span class='ocrx_word' id='word_1_399' title='bbox 627 2683 692 2731; x_wconf 87' lang='lat'><strong>14,</strong></span> <span class='ocrx_word' id='word_1_400' title='bbox 725 2683 750 2722; x_wconf 86' lang='lat'>5</span> <span class='ocrx_word' id='word_1_401' title='bbox 782 2694 807 2723; x_wconf 87' lang='lat' dir='ltr'><strong>a</strong></span> <span class='ocrx_word' id='word_1_402' title='bbox 828 2681 961 2723; x_wconf 90' lang='lat' dir='ltr'><strong>Plinio</strong></span> <span class='ocrx_word' id='word_1_403' title='bbox 992 2695 1130 2724; x_wconf 89' lang='lat' dir='ltr'><strong>versus</strong></span> <span class='ocrx_word' id='word_1_404' title='bbox 1159 2682 1326 2735; x_wconf 90' lang='lat' dir='ltr'><strong>quidam</strong></span> <span class='ocrx_word' id='word_1_405' title='bbox 1348 2681 1569 2724; x_wconf 88' lang='lat' dir='ltr'><strong>Catulliani</strong></span> <span class='ocrx_word' id='word_1_406' title='bbox 1590 2681 1841 2728; x_wconf 87' lang='lat' dir='ltr'><strong>adferuntur.</strong></span> <span class='ocrx_word' id='word_1_407' title='bbox 1874 2680 2020 2733; x_wconf 90' lang='lat' dir='ltr'><strong>quibus</strong></span> <span class='ocrx_word' id='word_1_408' title='bbox 2050 2682 2192 2734; x_wconf 86' lang='lat' dir='ltr'><strong>poetae</strong></span> <span class='ocrx_word' id='word_1_409' title='bbox 2223 2680 2335 2735; x_wconf 88' lang='lat' dir='ltr'><strong>leges</strong></span> <span class='ocrx_word' id='word_1_410' title='bbox 2367 2680 2531 2723; x_wconf 88' lang='lat' dir='ltr'><strong>dantur.</strong></span> 
     </span>
     <span class='ocr_line' id='line_1_33' title="bbox 287 2755 2534 2810; baseline 0.002 -15"><span class='ocrx_word' id='word_1_411' title='bbox 287 2755 513 2808; x_wconf 75' lang='lat' dir='ltr'><strong>Vergilium</strong></span> <span class='ocrx_word' id='word_1_412' title='bbox 544 2760 682 2800; x_wconf 89' lang='lat' dir='ltr'><strong>autem</strong></span> <span class='ocrx_word' id='word_1_413' title='bbox 715 2770 873 2800; x_wconf 90' lang='lat' dir='ltr'><strong>summa</strong></span> <span class='ocrx_word' id='word_1_414' title='bbox 906 2758 1160 2800; x_wconf 85' lang='lat' dir='ltr'><strong>veneratione</strong></span> <span class='ocrx_word' id='word_1_415' title='bbox 1190 2759 1523 2800; x_wconf 83' lang='lat' dir='ltr'><strong>commemoravit</strong></span> <span class='ocrx_word' id='word_1_416' title='bbox 1551 2756 1706 2799; x_wconf 85' lang='lat' dir='ltr'><strong>Plinius</strong></span> <span class='ocrx_word' id='word_1_417' title='bbox 1738 2756 1780 2797; x_wconf 89' lang='lat' dir='ltr'><strong>iu</strong></span> <span class='ocrx_word' id='word_1_418' title='bbox 1812 2769 1858 2798; x_wconf 89' lang='lat' dir='ltr'><strong>ea</strong></span> <span class='ocrx_word' id='word_1_419' title='bbox 1889 2769 2012 2810; x_wconf 89' lang='lat' dir='ltr'><strong>quam</strong></span> <span class='ocrx_word' id='word_1_420' title='bbox 2044 2756 2093 2798; x_wconf 92' lang='lat' dir='ltr'><strong>de</strong></span> <span class='ocrx_word' id='word_1_421' title='bbox 2125 2755 2215 2799; x_wconf 90' lang='lat' dir='ltr'><strong>Silii</strong></span> <span class='ocrx_word' id='word_1_422' title='bbox 2237 2757 2371 2799; x_wconf 80' lang='lat' dir='ltr'><strong>Italici</strong></span> <span class='ocrx_word' id='word_1_423' title='bbox 2403 2759 2534 2799; x_wconf 86' lang='lat' dir='ltr'><strong>morte</strong></span> 
     </span>
    </p>
   </div>
   <div class='ocr_carea' id='block_1_3' title="bbox 414 2983 1884 3115">
    <p class='ocr_par' dir='ltr' id='par_1_4' title="bbox 414 2983 1884 3115">
     <span class='ocr_line' id='line_1_34' title="bbox 425 2983 1884 3029; baseline 0.001 -13"><span class='ocrx_word' id='word_1_424' title='bbox 425 2984 458 3026; x_wconf 75' lang='lat'><strong>⁹)</strong></span> <span class='ocrx_word' id='word_1_425' title='bbox 484 2983 552 3017; x_wconf 80' lang='lat' dir='ltr'><strong>Zur</strong></span> <span class='ocrx_word' id='word_1_426' title='bbox 576 2984 913 3029; x_wconf 84' lang='lat' dir='ltr'><strong>Lebensgeschichte</strong></span> <span class='ocrx_word' id='word_1_427' title='bbox 937 2985 998 3020; x_wconf 83' lang='lat' dir='ltr'><strong>des</strong></span> <span class='ocrx_word' id='word_1_428' title='bbox 1020 2985 1188 3028; x_wconf 79' lang='lat' dir='ltr'><strong>jiingeren</strong></span> <span class='ocrx_word' id='word_1_429' title='bbox 1215 2984 1362 3024; x_wconf 77' lang='lat' dir='ltr'><strong>Plinius,</strong></span> <span class='ocrx_word' id='word_1_430' title='bbox 1391 2984 1534 3018; x_wconf 72' lang='lat' dir='ltr'><strong>Hermes</strong></span> <span class='ocrx_word' id='word_1_431' title='bbox 1562 2984 1606 3017; x_wconf 90' lang='lat' dir='ltr'><strong>lll</strong></span> <span class='ocrx_word' id='word_1_432' title='bbox 1637 2995 1668 3027; x_wconf 90' lang='lat' dir='ltr'><strong>p.</strong></span> <span class='ocrx_word' id='word_1_433' title='bbox 1696 2985 1737 3017; x_wconf 64' lang='lat'><strong>:51</strong></span> <span class='ocrx_word' id='word_1_434' title='bbox 1754 3003 1793 3010; x_wconf 90' lang='lat'>—</span> <span class='ocrx_word' id='word_1_435' title='bbox 1809 2985 1884 3018; x_wconf 69' lang='lat'><strong>139,</strong></span> 
     </span>
     <span class='ocr_line' id='line_1_35' title="bbox 414 3067 854 3115; baseline 0.007 -13"><span class='ocrx_word' id='word_1_436' title='bbox 414 3067 462 3111; x_wconf 89' lang='lat'><strong>¹⁰)</strong></span> <span class='ocrx_word' id='word_1_437' title='bbox 490 3068 635 3104; x_wconf 82' lang='lat' dir='ltr'><strong>Hermes</strong></span> <span class='ocrx_word' id='word_1_438' title='bbox 660 3071 712 3105; x_wconf 93' lang='lat' dir='ltr'><strong>III</strong></span> <span class='ocrx_word' id='word_1_439' title='bbox 737 3081 770 3115; x_wconf 89' lang='lat' dir='ltr'><strong>p.</strong></span> <span class='ocrx_word' id='word_1_440' title='bbox 796 3072 854 3106; x_wconf 86' lang='lat'><strong>43.</strong></span> 
     </span>
    </p>
   </div>
   <div class='ocr_carea' id='block_1_4' title="bbox 282 3155 2527 3261">
    <p class='ocr_par' dir='ltr' id='par_1_5' title="bbox 282 3155 2527 3261">
     <span class='ocr_line' id='line_1_36' title="bbox 410 3155 2527 3204; baseline 0.002 -15"><span class='ocrx_word' id='word_1_441' title='bbox 410 3156 453 3198; x_wconf 88' lang='lat'><strong>¹¹)</strong></span> <span class='ocrx_word' id='word_1_442' title='bbox 478 3155 524 3189; x_wconf 89' lang='lat' dir='ltr'><strong>Et</strong></span> <span class='ocrx_word' id='word_1_443' title='bbox 541 3157 743 3192; x_wconf 83' lang='lat' dir='ltr'><strong>Martialem</strong></span> <span class='ocrx_word' id='word_1_444' title='bbox 768 3169 903 3203; x_wconf 87' lang='lat' dir='ltr'><strong>quoque</strong></span> <span class='ocrx_word' id='word_1_445' title='bbox 928 3169 1018 3193; x_wconf 80' lang='lat' dir='ltr'><strong>anno</strong></span> <span class='ocrx_word' id='word_1_446' title='bbox 1043 3169 1077 3203; x_wconf 86' lang='lat' dir='ltr'><strong>p.</strong></span> <span class='ocrx_word' id='word_1_447' title='bbox 1096 3158 1179 3194; x_wconf 89' lang='lat' dir='ltr'><strong>Chr.</strong></span> <span class='ocrx_word' id='word_1_448' title='bbox 1207 3170 1273 3193; x_wconf 86' lang='lat' dir='ltr'><strong>uno</strong></span> <span class='ocrx_word' id='word_1_449' title='bbox 1298 3161 1333 3192; x_wconf 84' lang='lat' dir='ltr'><strong>ct</strong></span> <span class='ocrx_word' id='word_1_450' title='bbox 1357 3158 1543 3192; x_wconf 82' lang='lat' dir='ltr'><strong>centesimo</strong></span> <span class='ocrx_word' id='word_1_451' title='bbox 1569 3158 1661 3192; x_wconf 79' lang='lat' dir='ltr'><strong>diem</strong></span> <span class='ocrx_word' id='word_1_452' title='bbox 1685 3171 1887 3202; x_wconf 80' lang='lat' dir='ltr'><strong>supremum</strong></span> <span class='ocrx_word' id='word_1_453' title='bbox 1914 3161 2025 3194; x_wconf 74' lang='lat' dir='ltr'><strong>obisse</strong></span> <span class='ocrx_word' id='word_1_454' title='bbox 2051 3161 2255 3194; x_wconf 76' lang='lat' dir='ltr'><strong>certioribus</strong></span> <span class='ocrx_word' id='word_1_455' title='bbox 2279 3170 2383 3204; x_wconf 83' lang='lat' dir='ltr'><strong>quam</strong></span> <span class='ocrx_word' id='word_1_456' title='bbox 2409 3160 2527 3193; x_wconf 71' lang='lat' dir='ltr'><strong>adhuc</strong></span> 
     </span>
     <span class='ocr_line' id='line_1_37' title="bbox 282 3212 2332 3261; baseline 0.001 -15"><span class='ocrx_word' id='word_1_457' title='bbox 282 3212 356 3247; x_wconf 88' lang='lat' dir='ltr'><strong>fieri</strong></span> <span class='ocrx_word' id='word_1_458' title='bbox 381 3214 519 3256; x_wconf 82' lang='lat' dir='ltr'><strong>poterat</strong></span> <span class='ocrx_word' id='word_1_459' title='bbox 543 3217 760 3258; x_wconf 77' lang='lat' dir='ltr'><strong>argumentis</strong></span> <span class='ocrx_word' id='word_1_460' title='bbox 785 3215 939 3251; x_wconf 86' lang='lat' dir='ltr'><strong>eiusdem</strong></span> <span class='ocrx_word' id='word_1_461' title='bbox 965 3216 1172 3251; x_wconf 79' lang='lat' dir='ltr'><strong>Mommseni</strong></span> <span class='ocrx_word' id='word_1_462' title='bbox 1198 3215 1433 3261; x_wconf 79' lang='lat' dir='ltr'><strong>disputatione</strong></span> <span class='ocrx_word' id='word_1_463' title='bbox 1458 3214 1631 3250; x_wconf 84' lang='lat' dir='ltr'><strong>docemur.</strong></span> <span class='ocrx_word' id='word_1_464' title='bbox 1681 3215 1725 3250; x_wconf 84' lang='lat' dir='ltr'><strong>cf.</strong></span> <span class='ocrx_word' id='word_1_465' title='bbox 1752 3216 1897 3251; x_wconf 71' lang='lat' dir='ltr'><strong>Hermes</strong></span> <span class='ocrx_word' id='word_1_466' title='bbox 1924 3217 1971 3251; x_wconf 84' lang='lat'><strong>111</strong></span> <span class='ocrx_word' id='word_1_467' title='bbox 1999 3229 2030 3261; x_wconf 82' lang='lat' dir='ltr'><strong>p.</strong></span> <span class='ocrx_word' id='word_1_468' title='bbox 2057 3218 2114 3251; x_wconf 78' lang='lat'><strong>43.</strong></span> <span class='ocrx_word' id='word_1_469' title='bbox 2167 3217 2231 3251; x_wconf 88' lang='lat'><strong>120</strong></span> <span class='ocrx_word' id='word_1_470' title='bbox 2256 3228 2332 3261; x_wconf 88' lang='lat' dir='ltr'><strong>sqq.</strong></span> 
     </span>
    </p>
   </div>
  </div>
 </body>
</html>
