2865 3681
1328 247 1556 306 will.-

302 387 403 424 met.
434 384 570 429 12685
595 387 761 436 pugnat
790 384 978 431 evincere,
1011 382 1046 421 V
1079 383 1163 422 354
1195 383 1378 424 remoliri
1409 384 1598 424 luctatu-r.
1662 382 1946 436 contingit
1976 382 1992 424 l
2030 383 2101 432 16,
2134 383 2160 424 9
2191 383 2291 436 quia
2322 383 2458 425 videre
2487 383 2563 425 ad·

302 460 413 514 loqui
443 460 592 502 audire
622 457 827 510 c‘ompleeti
856 472 926 499 nee
956 458 1132 500 laudare
1162 462 1322 501 tantum
1352 473 1491 500 verum
1522 460 1646 500 etiam
1677 472 1821 500 amare
1849 459 2026 512 eontiyit,
2059 458 2118 501 VI
2138 459 2207 509 26,
2230 459 2270 501 3.
2318 458 2396 500 VII
2428 459 2497 509 26,
2519 459 2560 500 3.

302 537 401 579 VIII
432 538 472 588 6,
508 537 547 579 7.
585 537 652 585 11,
694 537 735 576 3.
768 534 819 576 ad
852 534 961 576 Trai.
1029 534 1080 576 17
1112 534 1219 588 (28),
1252 535 1291 576 2.
1323 547 1417 589 pan.
1452 535 1521 585 58,
1553 536 1593 577 4.
1654 535 1723 586 71,
1756 536 1796 577 3.
1830 536 1901 585 92,
1944 536 1984 576 4.
2047 547 2293 590 quamquam
2330 534 2440 590 apud
2477 534 2560 577 Cic.

302 615 427 656 Arch.
460 616 501 664 3,
533 615 561 654 4
592 612 821 655 antecellere
850 613 1036 654 omnibus
1065 612 1222 666 inqenii
1249 612 1385 665 ⁸‹Jloria
1414 613 1581 667 eomiyit
1616 612 1771 665 legitur
1804 637 1856 642 —-
1889 612 2004 654 cuius
2033 612 2131 658 loci,
2173 626 2265 655 cum
2302 625 2400 655 usus
2437 612 2507 654 ille
2538 625 2562 654 a

301 703 401 744 puro
433 693 475 732 et
505 688 721 731 emendato
749 700 932 729 sermone
954 687 1161 729 Ciceronis
1192 688 1351 729 alienus
1381 701 1469 730 esse
1498 688 1699 738 videatur,
1731 701 1871 731 veram
1901 689 2115 732 lectionem
2178 690 2210 731 1.
2242 690 2295 731 N.
2327 689 2563 744 Madvigius

301 780 381 809 non
417 766 582 819 eontiqit
618 765 690 806 sed
726 766 853 817 eoepit
888 764 1013 805 fuisse
1045 763 1276 817 suspicatus
1307 765 1371 806 est
1412 789 1466 794 —
1508 766 1647 807 tamen
1684 765 1805 806 huius
1836 765 1950 807 verbi
1988 778 2079 806 cum
2119 764 2321 807 infinitivo
2355 766 2563 816 structura

301 843 410 896 apud
441 843 581 895 poetas
614 840 719 881 solos
750 843 792 881 et
822 840 1057 893 posterioris
1087 840 1284 893 temporis
1315 840 1534 894 scriptores
1565 841 1783 883 invenitur.
1831 841 1883 883 cf.
1916 842 2038 895 Verg.
2071 854 2159 882 aen.
2206 840 2225 882 Ι
2256 842 2325 882 96.
2371 841 2429 882 VI
2464 841 2559 882 109.

300 918 361 958 lX
394 918 491 958 268.
535 916 632 956 Hor.
676 928 738 967 ep.
771 916 787 956 1
827 916 891 964 17,
925 917 994 956 36.
1042 916 1081 956 11
1113 917 1153 966 2,
1186 917 1255 956 41.
1318 929 1383 957 ars
1415 930 1454 970 p.
1489 918 1557 958 41.
1591 916 1709 958 Ovid.
1743 920 1841 960 met.
1874 917 1929 959 XI
1956 918 2040 959 220
2073 917 2142 959 ubi
2174 919 2313 958 tamen
2345 917 2463 958 lectio
2495 917 2561 958 in-

301 996 414 1036 certa
444 996 519 1040 est,
553 992 658 1033 Vell.
692 991 731 1033 11
767 992 862 1041 124,
896 993 935 1033 2.
998 990 1169 1043 Quintil.
1202 990 1260 1033 IX
1293 991 1333 1042 2,
1365 991 1434 1035 98.
1483 990 1562 1034 ΧΠ
1599 992 1664 1043 11,
1697 993 1737 1035 3.
1790 992 1882 1036 Sen.
1915 1005 1977 1047 ep.
2011 993 2108 1035 XIV
2141 994 2181 1044 2,
2214 993 2282 1034 20.
2330 993 2419 1034 Val.
2452 993 2559 1034 Max.

301 1071 338 1111 V
369 1071 396 1111 4
428 1072 507 1110 ext.
541 1070 580 1109 2.
634 1068 758 1110 dare
790 1082 861 1122 pro
892 1068 1055 1118 ‘sinere,
1086 1067 1344 1122 permittere’
1372 1067 1552 1122 positum
1584 1068 1602 1110 I
1638 1069 1704 1119 10,
1737 1070 1762 1110 5
1793 1083 1952 1111 eernere
1971 1069 2109 1119 datur,
2144 1068 2203 1109 111
2240 1070 2275 1115 1,
2314 1071 2330 1109 l
2364 1082 2562 1111 senescere

299 1148 445 1189 datum
474 1150 544 1195 est,
578 1145 634 1186 VI
670 1146 736 1194 16,
769 1146 794 1185 3
832 1145 965 1187 beatos
998 1149 1101 1198 puto
1131 1145 1276 1198 quibus
1305 1145 1449 1187 datum
1480 1149 1538 1187 est
1569 1149 1641 1187 aut
1667 1146 1804 1198 faeere
1832 1144 2046 1186 scribenda
2077 1148 2150 1187 aut
2178 1145 2351 1187 scribere
2379 1145 2558 1199 leyenda.

299 1221 397 1263 ‘VIII
429 1221 470 1270 4,
503 1222 530 1262 4
560 1222 599 1263 si
629 1221 756 1263 datur
788 1255 796 1263 .
832 1256 839 1263 .
873 1221 1118 1272 eontrahere,
1154 1221 1222 1270 20,
1260 1221 1278 1261 1
1313 1220 1418 1275 quod
1449 1220 1576 1262 datur
1605 1221 1753 1266 videre,
1786 1232 1881 1274 pan.
1916 1222 1986 1271 29,
2019 1222 2044 1260 3
2076 1234 2206 1262 mmm
2234 1234 2391 1262 cernere
2420 1222 2558 1266 chaeur,

299 1300 369 1348 50,
404 1298 431 1338 4
462 1297 589 1339 datur
619 1297 788 1348 intueri,
839 1298 907 1344 51,
941 1299 965 1337 5
998 1297 1166 1340 dabitur
1196 1310 1369 1342 eernere,
1422 1296 1490 1346 79,
1526 1297 1552 1338 3
1584 1296 1802 1338 dabiturne
1838 1311 1986 1340 rursus
2015 1298 2152 1338 videre
2180 1297 2379 1338 consulem
2410 1297 2562 1338 illum?

301 1373 485 1428 Vergilio
516 1372 699 1415 omnium
731 1375 942 1428 poetarum
965 1373 1141 1417 maxime
1172 1373 1386 1416 familiaris
1418 1376 1480 1415 est
1513 1374 1613 1415 haec
1644 1373 1834 1428 loquendi
1865 1374 2051 1423 formula,
2084 1387 2162 1427 qua
2188 1375 2404 1427 scriptores
2425 1377 2560 1427 poste-

298 1451 416 1493 rioris
447 1450 656 1503 temporis,
689 1452 736 1492 ut
766 1449 935 1502 Quintil.
1000 1450 1056 1492 VI
1089 1451 1130 1500 3,
1166 1451 1260 1492 100.
1308 1450 1365 1492 IX
1404 1452 1439 1498 1,
1475 1451 1543 1491 20.
1582 1451 1676 1491 127.
1731 1451 1767 1491 Χ
1804 1451 1842 1501 7,
1877 1452 1943 1491 22.
1998 1450 2055 1491 XI
2087 1453 2126 1499 3,
2166 1452 2259 1492 125.
2307 1450 2412 1491 Plin.
2446 1464 2486 1491 n.
2518 1451 2558 1491 h.

299 1528 337 1569 X
360 1529 429 1577 63,
454 1528 508 1568 83
543 1527 607 1568 usi
640 1530 747 1569 sunt.
797 1527 1087 1581 dedignari
1119 1539 1211 1581 pan.
1246 1527 1315 1577 49,
1338 1527 1364 1567 6
1395 1542 1494 1581 quos
1527 1526 1672 1580 (cibos)
1703 1528 1934 1580 decli-(meris
1965 1529 2173 1580 airinom-e.
2208 1527 2304 1568 Tac.
2326 1540 2419 1567 ann.
2444 1527 2559 1567 1134

297 1606 433 1646 venire
463 1604 769 1656 dediqnaretur,
814 1603 957 1644 lustin.
998 1603 1072 1643 Vll
1106 1604 1145 1646 3.
1180 1604 1205 1643 8
1247 1604 1489 1656 demonem&
1521 1605 1608 1656 seps«
1641 1606 1699 1643 ire
1729 1617 1773 1644 ox
1809 1606 2016 1656 poetarum
2049 1617 2124 1644 usu
2157 1604 2292 1655 (Ox-id.
2325 1606 2422 1645 met.
2462 1604 2558 1645 XIII

298 1680 397 1721 586.
430 1692 510 1720 am.
544 1679 562 1719 I
599 1680 664 1728 10,
700 1680 769 1719 63.
801 1678 860 1720 111
896 1678 933 1719 7.
969 1678 1042 1731 73)
1074 1678 1371 1731 depromptum.
1436 1679 1705 1732 denegare
1743 1692 1814 1732 pro
1845 1680 2068 1721 ‘recusare’
2111 1679 2166 1720 III
2204 1680 2242 1728 7,
2281 1680 2330 1719 14
2363 1684 2565 1732 quatenus

297 1756 410 1799 nobis
440 1756 664 1810 (leneqatur
694 1755 768 1796 (liu
799 1756 951 1800 virere.
996 1755 1046 1795 cf.
1080 1755 1263 1808 Propert.
1301 1754 1341 1795 Π
1373 1756 1441 1802 24,
1479 1756 1532 1794 28
1570 1755 1738 1808 deveant
1767 1769 1848 1794 esse
1881 1757 2022 1801 mist-r,
2068 1755 2165 1795 Hor.
2208 1753 2272 1795 od.
2311 1754 2370 1794 Ill
2409 1755 2472 1804 16,
2506 1756 2560 1797 38

296 1845 366 1874 nee
395 1834 432 1874 sz'
456 1833 589 1885 plura
619 1832 740 1873 velim
771 1837 813 1872 tu
854 1833 956 1872 dare
995 1833 1170 1885 dereeqes.
1234 1831 1552 1872 desiderare
1597 1845 1668 1884 pro
1710 1833 1893 1885 ‘cupere'
1931 1832 1981 1873 ad
2026 1832 2136 1874 Trai.
2169 1834 2234 1873 ..23
2277 1833 2393 1882 (34),
2451 1833 2465 1873 1
2515 1832 2562 1875 id

298 1908 539 1962 (balineum)
572 1941 581 1949 .
617 1940 625 1949 .
657 1909 866 1950 restituere
896 1908 1140 1957 desideraret,
1163 1908 1224 1948 cf.
1257 1908 1392 1948 Plaut.
1425 1907 1554 1948 Stich.
1586 1908 1643 1947 IV
1672 1909 1707 1956 1,
1734 1910 1786 1948 10
1819 1909 1922 1949 mihi
1951 1910 2134 1960 qratiam
2157 1909 2230 1949 abs
2249 1913 2286 1950 te
2305 1911 2412 1950 inire
2431 1908 2562 1950 verbis

297 1985 491 2025 desidero.
555 1984 772 2037 dignari
809 1996 929 2036 saepe
960 1996 984 2024 a
1014 1983 1144 2036 poetis
1176 1983 1311 2033 (Lucr.
1343 1983 1383 2022 Π
1418 1984 1544 2023 1039.
1577 1985 1700 2036 Verg.
1733 1984 1807 2025 ecl.
1850 1984 1904 2024 VI
1943 1986 1977 2025 l.
2020 1998 2108 2025 aen.
2155 1985 2210 2025 lv
2250 1986 2343 2026 192.
2392 1984 2428 2025 Χ
2463 1984 2560 2025 732.

298 2059 398 2101 866.
445 2059 524 2100 XII
555 2061 654 2100 464.
687 2060 785 2099 Hor.
817 2059 881 2098 od.
914 2059 968 2098 IV
994 2060 1033 2107 3,
1061 2059 1126 2098 14.
1160 2054 1221 2111 ep.
1255 2059 1274 2098 Ι
1310 2060 1375 2106 19,
1399 2060 1468 2099 40.
1502 2059 1540 2098 II
1575 2060 1615 2107 2,
1640 2061 1708 2099 86.
1741 2059 1858 2099 ovid.
1882 2062 1980 2100 met.
2014 2059 2048 2100 X
2079 2060 2171 2100 158.
2204 2060 2312 2101 trist.
2345 2060 2401 2101 IV
2428 2061 2464 2108 l,
2485 2060 2561 2113 52)

297 2147 391 2177 cum
422 2134 624 2177 infinitivo
656 2135 917 2177 coniunctum
948 2134 1182 2189 posterioris
1213 2134 1362 2176 aetatis
1393 2134 1612 2188 scriptores
1648 2138 1966 2188 usurpaverunt,
2009 2137 2055 2176 ut
2086 2135 2198 2177 Suet.
2260 2135 2383 2189 Vesp.
2417 2135 2455 2176 7.
2492 2135 2557 2176 13.

298 2210 395 2255 Ner.
430 2212 498 2254 22.
539 2211 653 2255 Curt.
692 2211 747 2253 VI
779 2212 819 2261 5,
853 2212 921 2253 29.
959 2211 1058 2252 VIII
1100 2212 1165 2261 14,
1209 2213 1264 2252 44
1296 2211 1364 2261 aL,
1406 2211 1517 2266 iique
1549 2212 1693 2254 eadem
1724 2226 1803 2266 qua
1834 2214 1975 2266 poetae
2007 2212 2083 2253 hoc
2115 2213 2284 2253 verbum
2314 2214 2561 2253 ornaverunt

297 2288 352 2339 vi,
384 2288 444 2331 ita
474 2290 521 2331 ut
552 2287 776 2330 voluntatis
807 2288 917 2330 notio
948 2288 1080 2330 inesse
1102 2288 1303 2331 videatur.
1342 2290 1472 2343 ,apud
1494 2290 1675 2331 Plinium
1698 2303 1791 2331 vero
1824 2290 2020 2344 (lignandi
2054 2292 2222 2331 verbum
2254 2288 2558 2331 accommodata

297 2364 350 2406 ad
381 2364 542 2418 imperii
575 2365 829 2407 condiciones
861 2363 1158 2418 significatione
1188 2365 1231 2406 in
1263 2365 1450 2419 epistulis
1480 2367 1532 2408 ad
1555 2367 1776 2415 Traianum
1809 2367 1945 2408 missis
1972 2367 2085 2408 etin
2116 2365 2360 2419 panegyrico
2381 2364 2559 2407 Traiano

297 2440 406 2484 dicto
438 2441 674 2496 saepissime
706 2441 881 2496 legitur:
915 2441 967 2483 ad
999 2441 1109 2482 Trai.
1162 2442 1214 2482 12
1246 2442 1332 2496 (7).
1386 2443 1438 2483 13
1471 2443 1557 2496 (8).
1608 2444 1663 2483 43
1698 2444 1820 2495 (52),
1853 2445 1892 2483 4.
1941 2443 1996 2482 47
2029 2443 2150 2495 (56),
2183 2443 2222 2482 3.
2271 2442 2326 2482 56
2358 2441 2482 2495 (64),
2519 2443 2555 2482 1.

299 2518 350 2557 81
386 2518 503 2571 (85),
537 2521 575 2558 8.
632 2519 711 2558 118
744 2519 884 2570 (119),
920 2519 957 2557 3.
1004 2529 1097 2570 pan.
1132 2518 1200 2566 80,
1233 2519 1272 2558 5.
1323 2519 1391 2566 87,
1425 2521 1465 2560 3.
1500 2520 1568 2567 92,
1603 2521 1641 2559 3.
1703 2519 1937 2572 gaudere
1969 2518 2008 2558 II
2040 2520 2079 2565 5,
2113 2519 2138 2558 3
2172 2518 2271 2559 dum
2301 2532 2451 2560 ornare
2479 2533 2555 2571 pa·

295 2595 425 2636 triam
456 2599 491 2636 et
522 2595 781 2648 amplificare
807 2594 1046 2648 yazzclemus,
1078 2606 1170 2647 pan.
1196 2594 1264 2643 12,
1286 2595 1313 2634 4
1336 2608 1585 2646 percursare
1614 2596 1734 2646 ripas
1763 2599 1799 2635 et
1826 2593 1963 2635 aliena
1982 2594 2186 2636 oeeasimee
2209 2628 2216 2635 .
2242 2627 2250 2635 .
2283 2594 2346 2635 uti
2375 2593 2559 2648 ultroque

295 2670 466 2711 hiemem
496 2685 617 2712 suam
648 2671 838 2712 barbaris
867 2672 1022 2722 inferre
1048 2669 1293 2724 madebant,
1330 2670 1397 2719 71,
1422 2671 1448 2711 6
1472 2671 1685 2722 perhibere
1711 2671 1983 2710 testimonium
2005 2669 2248 2711 merentibus
2263 2669 2554 2723 ,qaudebamwz

298 2743 367 2794 82,
401 2745 427 2786 4
462 2744 680 2789 Danubius
710 2749 746 2789 et
768 2745 936 2788 Rhenus
966 2749 1126 2788 tantum
1156 2744 1261 2786 illud
1288 2746 1417 2787 nostri
1448 2746 1650 2787 dedecoris
1683 2745 1818 2785 vehere
1834 2745 2080 2798 gaudebam.
2112 2744 2259 2797 quibus
2278 2744 2378 2785 locis
2398 2745 2556 2785 Plinius

296 2820 511 2874 poetarum
543 2834 771 2865 sermonem
808 2832 850 2863 se
893 2819 1103 2863 imitatum
1134 2831 1221 2862 esse
1252 2819 1560 2862 demonstravit.
1623 2832 1697 2861 nec
1728 2822 1969 2873 spreverunt
2001 2821 2106 2860 hanc
2135 2821 2326 2873 loquendi
2356 2821 2556 2861 rationem

295 2895 368 2950 alii
399 2900 618 2951 argenteae
650 2897 799 2941 aetatis
830 2897 1061 2952 scriptores,
1093 2898 1140 2939 ut
1170 2896 1340 2949 Quintil.
1372 2897 1390 2936 I
1424 2898 1463 2947 2,
1496 2899 1565 2936 30.
1617 2897 1677 2937 IX
1709 2898 1750 2945 4,
1783 2897 1853 2936 31.
1887 2896 1983 2937 Tac.
2016 2896 2115 2938 hist.
2146 2897 2207 2937 III
2242 2898 2291 2937 11
2326 2899 2369 2938 et
2399 2897 2557 2937 Plinius

294 2973 443 3023 maior,
489 2974 539 3017 de
572 2986 649 3029 quo
680 2975 725 3017 Ε.
759 2975 803 3017 F.
837 2975 975 3029 Poppo
1014 2974 1093 3026 „de
1128 2973 1336 3016 latinitate
1373 2973 1476 3015 falso
1513 2975 1586 3015 aut
1623 2973 1770 3015 merito
1802 2974 2015 3027 suspecta”
2057 2973 2100 3015 in
2132 2973 2240 3015 Ann.
2281 2973 2414 3016 Berol.
2456 2972 2552 3014 XIII

296 3051 380 3092 505
412 3052 584 3094 conferri
626 3053 740 3095 iubet
772 3052 816 3094 L.
850 3052 1103 3094 Urlichsium
1134 3052 1185 3093 ad
1217 3051 1322 3092 Plin.
1354 3063 1392 3091 n.
1426 3050 1465 3092 h.
1509 3050 1568 3092 IX
1604 3052 1670 3092 12.
1733 3051 1989 3093 laborare
2020 3051 2039 3092 I
2072 3052 2112 3101 4,
2146 3052 2173 3092 4
2209 3051 2458 3105 probarique
2486 3049 2553 3092 ‹lo-

294 3129 421 3168 mireris
453 3160 461 3168 .
496 3161 505 3169 .
539 3130 738 3180 laborant,
775 3130 842 3179 10,
877 3130 901 3169 2
933 3130 1149 3181 amariqw:
1179 3129 1230 3170 ab
1259 3143 1301 3170 eo
1321 3128 1516 3178 laboravi,
1550 3127 1592 3167 II
1615 3128 1654 3177 5,
1678 3129 1704 3168 9
1735 3128 1806 3169 sed
1829 3132 2039 3181 tamquam
2072 3128 2243 3181 adsequi.
2272 3128 2553 3177 laboraverim,

295 3203 347 3245 cf.
380 3203 479 3244 Hor.
523 3216 584 3257 ep.
628 3206 648 3246 I
686 3208 731 3255 3,
776 3208 800 3246 2
837 3207 941 3247 seire
976 3206 1129 3255 laboro,
1173 3203 1289 3246 Ovid.
1331 3205 1428 3245 met.
1477 3203 1552 3244 ΙΙΙ.
1587 3205 1686 3245 565.
1734 3203 1770 3245 X
1815 3206 1915 3245 413.
1963 3203 2066 3246 XIII
2105 3204 2202 3246 285.
2256 3202 2351 3245 XIV
2384 3203 2468 3247 809
2501 3201 2553 3244 al.

2272 3278 2318 3299 o*
