2865 3681
259 389 344 440 est
373 387 447 434 sed
471 389 602 434 etiam
619 388 790 432 Traiani
810 389 853 431 et
873 389 1087 431 hominum
1117 390 1286 445 optimis
1307 390 1460 433 litteris
1480 390 1849 433 eruditissimorum
1877 402 1953 432 usu
1985 391 2027 431 et
2054 389 2340 431 familiaritate
2363 403 2537 446 magno-

278 478 373 522 pere
401 463 669 528 augebantur.
731 476 861 520 neque
891 465 1023 521 igitur
1063 467 1213 509 mirum
1260 467 1444 519 videtur,
1493 467 1675 510 Plinium
1713 467 1925 520 poetarum
1958 465 2392 508 excellentissimorum
2423 470 2539 521 quasi

277 541 399 585 flores
426 540 642 595 decerpere
674 540 895 592 studuisse,
927 555 1005 596 quo
1035 543 1168 597 magis
1194 543 1349 597 ingenii
1369 544 1625 596 praestantia
1645 543 1931 597 doctrinaeque
1964 541 2165 583 varietate
2189 542 2401 584 emineret.
2466 544 2534 586 sed

277 629 327 662 ne
356 615 475 660 nimii
504 615 719 659 videamur
749 617 793 659 in
822 617 1052 670 iudicando,
1085 618 1264 660 Plinium
1295 618 1428 672 ipsum
1460 619 1675 661 audiamus
1707 620 1756 662 de
1790 631 1860 661 suo
1894 618 2056 661 dicendi
2076 630 2224 673 genere
2253 616 2535 661 disserentem.

137 726 151 735 .
277 693 325 739 in
364 692 463 735 libri
490 693 624 736 tertii
670 693 847 748 epistula
893 694 1214 736 duodevicesima
1260 694 1312 735 ad
1351 693 1519 736 Curium
1551 692 1753 737 Severum
1798 695 1922 737 missa
1969 693 2144 736 dilucide
2191 694 2239 735 de
2286 693 2421 735 causis
2469 706 2536 735 ex-

207 758 209 762 4
276 769 425 824 posuit,
457 782 532 812 cur
560 770 604 812 in
635 771 880 825 panegyrico
912 770 1059 812 laetior
1089 770 1254 823 quidam
1287 770 1408 812 stilus
1438 770 1711 822 inveniretur,
1759 784 1852 813 cum
1890 784 1937 812 ea
1976 770 2111 824 potius
2144 782 2248 823 quae
2287 769 2465 823 pressius
2495 773 2538 812 et

276 844 518 891 adstrictius
548 858 671 901 quam
701 846 775 887 illa
806 859 907 900 quae
937 845 1108 888 hilarius
1140 847 1182 888 et
1212 847 1328 900 quasi
1359 847 1630 888 exsultantius
1652 846 1880 900 scripsisset
1916 848 2081 900 possent
2114 846 2242 888 videri
2270 845 2467 888 arcessita
2498 847 2540 888 et

275 916 459 967 inducta.
535 923 578 965 id
609 923 715 978 quod
752 924 794 965 et
828 923 872 964 in
907 936 987 964 non
1017 922 1143 965 nullis
1174 924 1363 978 epistulis
1393 924 1548 966 factum
1580 936 1668 966 esse
1700 936 1780 965 non
1812 923 1982 966 difficile
2015 925 2082 966 est
2113 922 2362 966 testimoniis
2392 921 2540 965 confir-

275 1011 404 1043 mare.
464 1000 511 1042 at
540 1011 635 1042 vero
665 999 789 1041 aliter
819 1000 975 1041 iudicat
1005 1000 1054 1042 de
1081 1000 1288 1051 Cicerone,
1321 1015 1441 1055 quem
1471 1003 1681 1054 tamquam
1709 1014 1915 1044 summum
1946 1001 2177 1053 exemplum
2209 1000 2261 1042 ad
2292 999 2540 1040 imitandum

277 1075 358 1119 sibi
387 1079 677 1131 proposuerat:
717 1076 737 1118 I
771 1077 810 1127 5,
848 1079 899 1118 12
942 1077 1057 1130 (edit.
1092 1078 1224 1131 Keil.)
1264 1084 1322 1120 est
1357 1081 1466 1120 enim
1496 1080 1599 1120 mihi
1630 1093 1721 1120 cum
1753 1079 1941 1121 Cicerone
1971 1079 2200 1121 aevmlatio
2229 1092 2298 1119 ne(-
2327 1092 2419 1119 sum
2450 1072 2540 1119 eon-

277 1156 407 1196 teum
441 1151 665 1208 eloquentia
694 1153 849 1196 saeculi
878 1156 1031 1202 nostri,
1080 1155 1148 1209 qui
1188 1155 1299 1196 locus
1336 1155 1518 1196 Plinium
1558 1142 1662 1195 illud
1706 1155 1880 1196 maxime
1915 1157 2098 1196 secutum
2143 1167 2229 1195 esse
2262 1155 2461 1202 testatur,
2495 1153 2540 1193 ut

277 1241 302 1271 a
332 1228 493 1271 dicendi
523 1241 671 1283 genere
704 1230 951 1291 scriptorum
982 1231 1233 1285 aequalium,
1277 1232 1423 1285 quibus
1463 1233 1644 1274 veterum
1687 1231 1932 1284 simplicitas
1970 1230 2103 1272 tristis
2136 1243 2184 1271 ac
2216 1230 2370 1271 ieiune*
2383 1228 2540 1271 videre-

276 1306 358 1357 tur,
390 1305 654 1348 vehementer
678 1293 924 1349 'abhorreret
954 1307 1236 1361 poeticumque
1268 1320 1497 1349 sermonem
1529 1307 1741 1350 sententiis
1772 1306 2022 1349 acutissimis
2054 1308 2097 1348 et
2128 1305 2338 1360 splendido
2361 1304 2537 1359 quodam

219 1440 222 1444 .
276 1380 409 1423 nitore
439 1382 631 1423 ornatum
662 1382 852 1424 evitaret.
916 1383 985 1425 sed
1015 1396 1092 1436 quo
1123 1385 1243 1425 modo
1274 1385 1359 1425 tale
1382 1385 1596 1426 consilium
1626 1385 1669 1424 in
1699 1384 1776 1425 hac
1807 1396 1849 1425 re
1872 1383 2113 1425 consecutus
2137 1383 2216 1431 sit,
2250 1395 2296 1423 ex
2328 1394 2407 1423 una
2439 1394 2541 1434 qua-

276 1455 354 1513 que
382 1459 467 1502 fere
498 1448 676 1513 epistula
707 1460 880 1513 adparet
912 1473 983 1502 nec
1015 1474 1056 1502 se
1078 1460 1219 1502 multis
1241 1461 1289 1503 de
1312 1462 1444 1503 causis
1468 1461 1702 1504 Ciceronem
1733 1460 1900 1514 adsequi
1922 1473 2042 1514 posse
2066 1460 2155 1514 ipse
2178 1459 2332 1502 fatetur
2354 1458 2412 1500 IX
2434 1459 2475 1508 2,
2501 1459 2539 1499 2.

274 1535 529 1590 permultum
569 1536 680 1579 enim
716 1538 768 1579 ab
809 1537 880 1578 illa
911 1537 1061 1580 aetatis
1092 1551 1211 1588 suae,
1261 1541 1305 1580 ut
1337 1539 1460 1580 verbo
1493 1538 1681 1580 Pliniano
1712 1539 1827 1588 utar,
1876 1536 2110 1590 eloquentia
2150 1536 2362 1577 mutuatus
2407 1547 2536 1588 neque

278 1624 425 1666 puram
454 1612 813 1667 incorruptamque
844 1614 1003 1655 dicendi
1045 1616 1396 1665 consuetudinem,
1440 1628 1519 1668 qua
1551 1614 1827 1666 Quintilianus
1857 1614 2014 1655 Plinius
2045 1612 2183 1654 maior
2216 1612 2431 1655 Suetonius
2468 1610 2540 1652 alii

278 1688 564 1739 discesserant,
598 1692 757 1744 poterat
787 1691 977 1740 retinere,
1009 1706 1137 1745 neque
1170 1694 1215 1733 ut
1245 1692 1464 1744 scriptores
1495 1692 1558 1732 illi
1589 1705 1688 1745 quos
1719 1692 1838 1733 modo
1870 1689 2196 1733 enumeravimus
2220 1690 2433 1743 poetarum
2456 1700 2541 1730 ser-

277 1777 441 1810 monem
472 1768 779 1820 aspernabatur,
812 1781 932 1822 quem
965 1769 1006 1809 in
1038 1769 1182 1823 primis
1217 1768 1422 1823 Vergilius
1454 1769 1495 1810 in
1529 1783 1647 1811 usum
1679 1768 1921 1823 scriptorum
1951 1767 2082 1809 Plinio
2113 1765 2345 1821 aequalium
2376 1763 2542 1806 videtur

278 1842 562 1887 introduxisse.
625 1844 785 1888 accedit
814 1845 920 1899 quod
951 1846 1097 1901 ingens
1127 1849 1339 1901 poetarum
1371 1847 1540 1890 chorus.
1583 1859 1755 1900 quorum
1797 1845 1973 1887 maxima
2014 1857 2108 1899 pars
2139 1843 2242 1886 nihil
2273 1841 2388 1885 aliud
2418 1853 2541 1895 quam

279 1933 419 1963 versus
450 1921 640 1971 faciebat,
671 1923 833 1965 litteras
864 1923 1033 1965 Latinas
1064 1924 1178 1976 quasi
1210 1924 1497 1977 perturbabat.
1538 1923 1615 1966 nisi
1647 1923 1750 1966 forte
1783 1935 1850 1966 eos
1881 1921 2030 1977 excipis
2061 1921 2208 1976 quibus
2240 1919 2397 1963 Plinius
2428 1930 2542 1961 sum-

278 2009 390 2039 mam
420 1998 586 2041 laudem
616 1999 776 2042 tribuit.
840 2013 918 2054 quo
948 2000 992 2041 in
1022 2013 1190 2042 numero
1221 2000 1440 2055 Pompeius
1473 1999 1716 2043 Saturninus
1748 1999 1957 2042 habendus
1988 2001 2069 2048 est,
2112 1997 2182 2053 qui
2214 1998 2261 2040 ut
2291 1996 2351 2038 ait
2382 1994 2542 2037 Plinius

278 2072 299 2114 Ι
334 2074 400 2123 16,
434 2074 459 2115 5
488 2075 594 2127 facit
625 2076 935 2137 vassus-quales
965 2077 1151 2120 Catullus
1181 2082 1254 2120 aut
1284 2077 1448 2121 calme.
1481 2091 1621 2119 revera
1652 2076 1795 2130 quales
1825 2076 2012 2119 Catullus
2042 2079 2115 2118 aut
2149 2074 2314 2118 Calvms.
2333 2074 2374 2128 ²)
2435 2071 2542 2112 hunc

278 2151 465 2204 sequitur
485 2151 666 2193 Titinius
687 2152 831 2205 Capito
862 2154 931 2206 qui
964 2154 981 2194 Ι
1017 2155 1082 2203 17,
1115 2157 1140 2194 3
1173 2154 1391 2196 clarissimi
1413 2154 1606 2207 cuiusque
1638 2152 1768 2195 vitam
1799 2152 1976 2207 egregiis
2007 2151 2257 2194 carminibus
2279 2149 2543 2193 exornaverat

278 2239 481 2281 quemque
512 2227 671 2270 Plinius
702 2228 801 2270 vm
838 2230 902 2279 12,
941 2230 958 2271 1
1003 2230 1137 2272 virum
1179 2230 1379 2284 optimum
1418 2229 1521 2273 dixit
1552 2231 1593 2272 et
1623 2229 1731 2272 inter
1762 2228 1978 2283 praecipua
2009 2226 2160 2270 saeculi
2192 2227 2431 2268 ornamenta
2466 2236 2542 2265 nu·

279 2303 534 2346 metandum.
588 2305 652 2347 his
683 2305 966 2360 adiungendus
987 2308 1050 2349 est
1071 2305 1326 2360 Octavius‚³)
1358 2319 1479 2361 quem
1513 2305 1554 2348 in
1576 2305 1671 2348 libri
1700 2304 1866 2348 secundi
1898 2303 2075 2359 epistula
2107 2302 2266 2345 decima
2299 2301 2543 2343 adhortatus

278 2380 342 2422 est
371 2380 417 2422 ut
447 2380 630 2423 carmina
662 2393 734 2424 sua
767 2381 807 2423 in
840 2381 985 2437 vulgus
1018 2382 1169 2432 ederet,
1202 2395 1303 2436 quae
1336 2376 1443 2448 versi
1474 2381 1607 2425 simile
1640 2383 1702 2424 est
1733 2380 1893 2435 generis
1925 2379 2028 2434 epici
2060 2379 2198 2421 fuisse.
2262 2381 2349 2419 tum
2383 2376 2542 2417 Vestri-

20 629 57 706 ,ξ’-νη.
33 577 35 579 .
0 539 31 569 ¹¹⁸:

423 2568 454 2612 ¹)
478 2567 553 2603 Hoc
584 2568 660 2604 loco
689 2569 875 2605 lectionem
906 2580 928 2604 a
952 2570 994 2605 G.
1021 2570 1140 2604 Cortio
1173 2580 1212 2603 ex
1239 2568 1459 2603 Aruzeuiano
1491 2566 1607 2602 codice
1633 2566 1806 2611 prolatam
1838 2567 1943 2611 atque
1968 2564 2013 2599 ab
2040 2563 2189 2597 Hem-ico
2216 2561 2331 2596 Keilio
2360 2561 2402 2595 de
2432 2559 2543 2594 Plinii

279 2625 445 2672 epistulis
469 2626 697 2663 emendandis
721 2627 736 2663 1
761 2639 794 2673 p.
824 2629 866 2663 14
892 2639 931 2663 ex
956 2639 1023 2663 usu
1048 2627 1212 2662 Pliniano
1239 2629 1441 2662 restitutam
1466 2623 1759 2670 comprobandam
1784 2634 1856 2658 esse
1883 2624 1979 2667 puto.

424 2699 454 2743 ⁸)
477 2698 571 2733 Sunt
594 2700 655 2744 qui
680 2699 772 2734 110110
797 2699 984 2735 Octavium
1010 2702 1046 2735 et
1072 2698 1257 2734 Octavium
1275 2699 1406 2734 Rufum
1431 2698 1476 2733 ad
1501 2707 1604 2742 quem
1629 2694 1783 2741 epistula
1806 2693 1956 2740 septima
1981 2691 2064 2728 libri
2089 2691 2194 2737 primi
2220 2689 2352 2736 scripta
2378 2690 2430 2724 est
2460 2698 2544 2723 eun-

280 2756 360 2804 dem
386 2768 461 2793 esse
485 2757 610 2793 velint.
676 2758 737 2793 sed
768 2759 950 2804 quaeritur
980 2769 1065 2793 num
1101 2761 1192 2792 recte
1216 2758 1281 2793 hoc
1305 2758 1418 2793 statui
1444 2755 1567 2800 possit.
1631 2753 1699 2789 etsi
1723 2753 1814 2789 enim
1841 2752 2010 2788 Octavius
2034 2750 2095 2785 ille
2121 2750 2255 2791 Rufus,
2295 2749 2356 2795 qui
2381 2759 2402 2784 a
2427 2747 2544 2783 Plinio

281 2816 434 2862 petierat
456 2818 499 2852 ut
521 2815 668 2853 Gallum
693 2827 715 2852 a
739 2817 892 2853 Baeticis
917 2818 1121 2853 accusatum
1146 2816 1358 2856 defenderet,
1384 2815 1526 2850 videtur
1550 2813 1707 2848 versibus
1732 2811 1955 2847 conficiendis
1980 2820 2119 2856 operam
2146 2819 2292 2844 navasse
2320 2828 2366 2833 —
2391 2808 2427 2842 id
2451 2806 2544 2851 quod

280 2874 525 2911 demonstrant
548 2875 657 2910 verba
680 2875 788 2910 Plinii
825 2876 842 2909 Ι
879 2877 911 2916 7,
937 2878 977 2910 5:
1028 2887 1118 2916 „eur
1142 2875 1235 2908 enim
1261 2885 1328 2909 non
1352 2882 1600 2918 usquequaque
1625 2872 1820 2906 Homericis
1850 2871 2009 2919 versibus
2043 2880 2147 2914 agam
2174 2867 2320 2904 tecum?
2369 2868 2544 2911 quatenus

280 2936 322 2969 tu
352 2945 409 2970 me
439 2935 513 2969 tuis
543 2945 648 2980 agere
678 2946 747 2970 non
778 2935 926 2979 pateris,
967 2946 1114 2980 quorum
1149 2936 1251 2969 tanta
1282 2932 1477 2978 cupiditate
1508 2930 1612 2966 ardeo
1642 2931 1684 2964 ut
1707 2929 1827 2964 videar
1856 2927 1944 2963 mihi
1966 2927 2032 2963 1180
2057 2926 2133 2962 sola
2157 2924 2314 2961 mercede
2339 2934 2441 2970 posse
2466 2933 2541 2957 cor·

281 2993 396 3038 rumpi
421 2995 463 3028 ut
487 2992 544 3028 vel
568 2995 692 3028 contra
716 2993 876 3029 Baeticos
900 2993 1015 3028 adsim
1025 2992 1045 3005 ''
1070 3013 1135 3032 -—-,
1161 2995 1278 3027 tamen
1305 3002 1366 3026 nos
1391 2988 1538 3025 offendit
1568 2987 1661 3033 quod
1691 2987 1845 3032 epistula
1867 2986 1933 3022 illa
1955 2997 2060 3031 quam
2086 2985 2239 3020 diximus
2264 2996 2332 3019 non
2363 2982 2408 3019 ad
2433 2981 2540 3017 Octa-

280 3052 378 3087 vium
402 3051 466 3087 sed
489 3050 535 3087 ad
559 3050 749 3087 Octavium
772 3051 923 3092 Rufum,
963 3050 1077 3087 altera
1117 3052 1237 3087 autem
1268 3060 1356 3096 quae
1387 3050 1441 3084 est
1472 3047 1555 3082 libri
1585 3045 1727 3081 secundi
1760 3045 1897 3081 decima
1920 3043 1965 3080 ad
1990 3042 2177 3080 Octauium
2202 3043 2334 3088 scripta
2361 3044 2427 3076 est.
2478 3049 2544 3073 nou

280 3113 336 3147 est
359 3121 424 3147 cur
447 3109 635 3147 Octavium
660 3109 770 3146 fuisse
796 3110 943 3144 eundem
975 3110 1227 3145 existimemus,
1276 3108 1369 3143 idem
1399 3104 1629 3142 statuendum
1660 3106 1731 3146 est,
1772 3105 1802 3138 si
1827 3114 1881 3149 ep.
1907 3103 1958 3138 ΙΧ
1982 3104 2038 3143 38,
2067 3103 2083 3136 l
2127 3101 2208 3136 Rufi
2239 3099 2419 3136 cuiusdam
2455 3098 2546 3132 liber

280 3170 445 3205 omuibus
469 3171 625 3205 numeris
649 3169 834 3205 absolutus
858 3168 1042 3209 laudatur,
1067 3168 1152 3213 quia
1176 3179 1244 3205 non
1269 3168 1344 3202 sine
1369 3166 1490 3212 aliqua
1513 3163 1733 3199 dubitatione
1759 3162 1918 3199 videmur
1942 3160 2119 3206 explorare
2145 3169 2263 3205 posse,
2290 3161 2408 3193 utrum
2439 3154 2546 3190 Oeta-

282 3228 378 3265 vium
402 3227 537 3264 Rufum
561 3239 607 3264 an
632 3226 743 3264 alium
770 3237 831 3272 per
856 3225 986 3262 Rufum
1011 3225 1170 3271 intellegi
1198 3224 1347 3260 voluerit
1373 3223 1522 3260 Plinius.
