2865 3681
1390 314 1461 353 12

282 462 487 494 mereor
519 450 599 492 VII
631 452 700 501 20,
738 451 757 491 1
791 451 963 492 laudari
994 456 1219 503 merentur,
1262 465 1356 506 pan.
1390 452 1430 502 6,
1463 453 1489 493 3
1530 453 1629 496 olim
1660 459 1704 496 tu
1734 452 1898 507 quidem
1927 452 2125 506 adoptari
2156 452 2379 505 merebare,
2424 455 2494 506 46,
2529 457 2555 497 6

279 527 352 581 qui
383 527 583 582 cast-tyari
614 526 883 577 merebantur,
918 526 968 568 cf.
1002 525 1119 568 Ovid.
1154 527 1264 570 trist.
1298 528 1335 569 V
1361 528 1427 579 11,
1455 528 1507 570 16
1539 531 1672 572 merui
1696 529 1880 583 perdere,
1905 527 2075 581 Quintil.
2108 527 2146 569 X
2173 528 2209 579 l,
2235 528 2303 569 72.
2366 531 2560 584 optare

280 601 345 645 III
377 603 419 653 4,
453 603 477 643 2
509 601 722 644 eonsilium
752 602 965 655 exquirere
1001 606 1222 656 optassem,
1266 604 1313 645 ut
1355 603 1469 646 Curt.
1503 604 1566 646 III
1599 606 1675 655 26,
1718 606 1754 647 l.
1801 603 1860 646 IV
1891 604 1966 654 45,
2006 605 2045 646 5.
2089 604 2185 646 Tac.
2224 603 2322 646 dial.
2371 606 2411 647 9.
2450 607 2559 660 quod

279 680 452 722 verbum
492 679 634 731 poeta-e
666 677 750 719 fere
782 690 876 719 011111
907 677 1112 720 infinitivo
1142 678 1375 722 iunxerunt.
1438 681 1716 724 sustinere
1748 682 1800 724 ad
1833 681 1941 723 Trai.
1987 682 2010 722 7
2044 681 2145 734 (23)
2176 682 2272 723 liuic
2302 696 2457 736 quoque
2479 698 2557 735 pe-

280 756 415 799 titioni
445 759 539 797 tuae
567 768 718 809 negare
746 768 827 797 ozon
856 755 1054 807 sustineo,
1098 767 1191 809 pan.
1226 756 1295 806 26,
1330 757 1356 797 3
1389 761 1434 799 tu
1464 772 1514 799 ue
1543 759 1685 812 royari
1714 757 1876 812 quidem
1906 757 2162 808 sustinuisti,
2208 757 2277 807 60,
2311 757 2336 798 5
2370 758 2442 812 qui
2473 773 2555 802 non

278 833 521 875 sustinerent
551 832 669 873 tertio
698 830 878 873 eonsules
907 845 991 874 esse
1027 833 1110 874 nisi
1140 846 1233 874 eum
1264 837 1325 874 ter
1354 833 1530 884 consule,
1566 834 1635 884 86,
1660 835 1685 875 4
1716 848 1786 876 uec
1815 835 2011 875 sustinuit
2040 833 2284 875 recedentem
2296 831 2394 889 juon,
2425 836 2553 878 etiam

278 913 398 963 atque
427 908 553 950 etiam
585 908 686 950 votis
722 907 911 950 lacrimis
947 908 1073 961 sequi.
1139 908 1214 951 1100
1252 909 1423 951 verbum
1465 911 1507 952 et
1547 909 1690 953 addito
1728 911 1769 953 et
1808 910 1955 952 omisso
1997 909 2173 964 negandi
2212 910 2407 953 vocabulo
2448 912 2557 965 apud

277 984 473 1028 Ovidium
508 983 749 1039 saepissime
780 997 874 1025 011111
905 983 1109 1026 infinitivo
1140 984 1403 1027 coniunctum
1442 986 1643 1037 invenies,
1683 1000 1803 1041 quem
1835 986 1996 1029 dicendi
2028 1000 2147 1028 usum
2178 988 2341 1041 praeter
2370 987 2558 1030 Plinium

277 1074 419 1105 omnes
449 1062 535 1104 fere
566 1063 788 1116 argenteae
818 1062 1042 1104 latinitatis
1072 1062 1289 1116 scriptores
1321 1063 1478 1126 imitati
1509 1065 1625 1113 sunt,
1658 1064 1834 1106 maxime
1866 1066 2003 1106 autem
2035 1063 2213 1106 Curtius.
2278 1065 2429 1106 valeo
2461 1077 2555 1118 pan.

277 1140 349 1190 46,
386 1140 406 1181 1
440 1140 535 1193 quis
570 1143 703 1181 terror
737 1138 932 1182 valuisset
968 1140 1124 1192 efficere
1160 1140 1267 1193 quod
1308 1141 1534 1183 reumata
1573 1142 1634 1183 tui
1664 1143 1829 1194 effecit?
1888 1141 1993 1194 quod
2025 1141 2195 1184 verbum
2227 1154 2320 1183 011111
2352 1141 2557 1186 infinitivo

276 1215 496 1259 iunxerunt
532 1216 699 1271 poetae,
746 1228 845 1270 quos
883 1214 1101 1270 scriptores
1144 1215 1386 1270 posteriores
1425 1215 1556 1258 secuti
1595 1217 1705 1259 sunt.
1769 1216 1846 1259 11110
1877 1217 2063 1271 spectant
2095 1229 2165 1259 eae
2196 1216 2421 1260 locutiones
2453 1229 2556 1271 quae

276 1292 513 1336 liberiorem
534 1304 653 1334 usum
683 1291 879 1334 infinitivi
901 1291 1210 1334 demonstrant:
1243 1292 1420 1347 magni
1454 1292 1721 1336 aestimare
1756 1294 1781 1335 i.
1815 1307 1852 1348 q.
1886 1294 2147 1336 vehementer
2177 1306 2338 1348 cupere,
2370 1293 2434 1335 III
2466 1295 2506 1345 2,
2529 1295 2555 1336 5

275 1371 415 1424 itaque
444 1371 588 1424 mayni
619 1371 788 1412 aestimo
818 1369 1017 1423 dimittati-
1049 1371 1138 1412 eius
1168 1370 1330 1424 aliquid
1359 1359 1595 1419 adstruere,
1638 1372 1663 1410 4
1678 1403 1687 1419 ,
1732 1372 1749 1411 1
1786 1372 1927 1425 mayni
1958 1375 2092 1412 tamen
2123 1372 2292 1413 aestimo
2321 1372 2426 1412 seire
2456 1371 2559 1424 quid

276 1448 432 1490 sentias
462 1450 518 1497 tu,
552 1446 609 1487 IV
643 1446 712 1494 28,
751 1446 769 1486 1
805 1447 949 1499 maqni
980 1447 1174 1488 aestimat
1203 1447 1246 1487 iu
1279 1446 1512 1488 bibliotheca
1542 1461 1620 1487 sua
1651 1462 1798 1498 ponere
1838 1448 2037 1499 imaqines
2078 1447 2334 1499 municipum
2377 1451 2553 1490 tuorum.

276 1523 423 1565 tanti
455 1525 649 1576 putare
681 1522 788 1576 quod
823 1522 932 1563 idem
965 1522 1049 1563 fere
1082 1523 1192 1563 valet
1223 1523 1326 1575 quod
1360 1536 1406 1563 ea
1439 1536 1561 1575 quam
1594 1524 1714 1564 modo
1738 1524 1914 1564 diximus
1936 1523 2105 1565 locutio:
2139 1523 2175 1564 Π
2209 1525 2249 1572 9,
2280 1525 2305 1564 6
2337 1528 2372 1565 te
2402 1538 2557 1577 quoque

274 1600 431 1642 obsecro
461 1604 505 1640 ut
536 1600 728 1652 aliquam
758 1601 894 1640 oneris
924 1601 1004 1640 mei
1028 1603 1196 1651 partem
1225 1602 1428 1651 suscipere
1460 1601 1566 1640 tanti
1591 1605 1732 1652 pietas,
1783 1600 1833 1640 VI
1875 1601 1943 1647 ll,
1977 1602 2002 1640 4
2033 1614 2166 1640 omues
2196 1601 2267 1653 qui
2299 1614 2360 1640 me
2390 1600 2555 1641 imitari

276 1676 384 1718 tanti
407 1675 628 1728 putabant.
693 1673 838 1716 eadem
870 1673 1073 1716 locutione
1105 1686 1201 1716 usus
1233 1675 1295 1716 est
1326 1674 1496 1726 Quintil.
1531 1674 1607 1715 VII
1642 1676 1681 1724 2,
1715 1676 1771 1716 42
1803 1691 1856 1717 an
1890 1676 2014 1717 etiam
2045 1677 2153 1719 tanti
2176 1679 2430 1728 putaverunt
2453 1689 2553 1728 poe-

275 1766 377 1795 nam
407 1752 579 1794 subire?
640 1750 966 1805 periclitari
1009 1764 1102 1804 pan.
1138 1752 1211 1799 84,
1246 1752 1270 1791 5
1305 1751 1654 1804 periclitabuntur
1683 1766 1767 1794 esse
1791 1753 2003 1803 privatae,
2037 1751 2107 1792 ubi
2139 1750 2181 1793 O.
2215 1750 2264 1793 G.
2299 1751 2552 1794 Schwarzius

277 1829 401 1871 haee:
436 1827 689 1883 „singularis
709 1828 810 1870 haee
832 1829 894 1870 est
914 1827 1107 1882 loquendi
1129 1827 1303 1870 formula
1323 1842 1425 1882 quae
1456 1827 1733 1883 graeeismum
1764 1828 1916 1870 referre
1951 1827 2122 1870 videtur.
2186 1828 2244 1871 sie
2276 1828 2385 1871 enim
2407 1828 2551 1872 Aelia-

277 1919 354 1948 nus
385 1905 567 1959 loquitur
597 1917 681 1948 var.
714 1904 810 1948 hist.
844 1906 863 1947 I
886 1907 911 1948 8
944 1904 1026 1948 καὶ
1058 1894 1431 1949 κινδυνεύουσιν
1456 1894 1755 1949 ἀπολέσθαι
1781 1894 1867 1948 διά
1893 1894 2138 1966 -ταχὲων.”
2170 1906 2311 1948 eodem
2335 1907 2456 1949 verbo
2489 1906 2553 1948 usi

276 1984 375 2025 sunt
405 1983 610 2025 infinitivo
640 1985 834 2036 sequente
866 1982 1038 2034 Quintil.
1086 1982 1147 2024 XI
1179 1984 1219 2031 3,
1253 1983 1322 2024 42.
1355 1982 1461 2024 Plin.
1494 1996 1534 2024 n.
1567 1983 1607 2024 h.
1656 1983 1735 2024 VII
1766 1984 1824 2024 44
1847 1983 1951 2035 (45).
2001 1982 2136 2024 XXVI
2175 1984 2239 2033 ll,
2264 1984 2332 2024 69.
2388 1983 2551 2025 Petron.

282 2061 380 2102 140.
413 2059 520 2114 quod
551 2058 714 2102 dicendi
744 2072 876 2114 genus
907 2058 1094 2113 quamvis
1125 2057 1333 2113 proprium
1364 2059 1635 2113 posteriorum
1667 2058 1913 2113 scriptorum
1947 2059 2013 2106 sit,
2046 2061 2183 2101 tamen
2210 2058 2469 2102 referendum
2492 2060 2556 2102 est

278 2136 331 2180 ad
362 2138 576 2191 poetarum
609 2149 728 2178 usum
761 2149 882 2190 quein
916 2136 976 2177 illi
1011 2135 1165 2177 imitati
1197 2137 1305 2177 sunt.

455 2213 535 2255 Sed
556 2213 657 2254 haec
679 2212 887 2254 sufficiant
909 2212 958 2253 de
982 2212 1106 2253 Plinii
1128 2225 1202 2253 usu
1224 2212 1450 2265 syntactieo
1473 2224 1566 2253 011111
1589 2212 1720 2265 poetis
1748 2212 1969 2253 communi.
2033 2213 2114 2253 iam
2137 2225 2232 2253 vero
2268 2214 2311 2253 ut
2345 2225 2389 2253 00
2411 2212 2556 2253 redea-

276 2302 368 2331 mus
399 2289 507 2331 unde
539 2288 707 2331 deflexit
737 2288 888 2337 oratio,
926 2288 978 2329 ad
1015 2301 1083 2330 eas
1123 2301 1242 2330 voees
1285 2288 1583 2330 enumerandas
1621 2288 1913 2342 adgrediamur
1955 2301 2054 2341 quas
2085 2289 2243 2330 Plinius
2288 2302 2308 2330 e
2343 2291 2554 2342 poetarum

276 2364 511 2421 aequalium
542 2364 828 2407 familiaritate
861 2363 1044 2406 hausisse
1076 2363 1282 2419 putandus
1314 2365 1389 2406 est.
1452 2377 1499 2407 ac
1521 2364 1698 2419 primum
1722 2364 1890 2419 quidem
1922 2377 1989 2406 eas
2011 2377 2126 2407 voces
2158 2365 2376 2407 nominabo
2407 2364 2555 2418 quibus

277 2441 484 2485 Martialis
516 2442 580 2483 vel
611 2441 769 2495 primus
802 2441 866 2481 vel
899 2441 1190 2494 praeeuntibus
1221 2440 1388 2494 quidem
1426 2441 1519 2482 aliis
1560 2441 1689 2494 poetis
1721 2440 1793 2482 sed
1826 2441 1986 2481 mutata
2019 2441 2317 2494 significatione
2351 2453 2445 2481 usus
2478 2441 2554 2482 est.

275 2519 586 2575 garrulitas
617 2531 741 2572 quam
774 2530 914 2560 vocem
948 2517 1119 2559 Ovidius
1152 2520 1247 2559 met.
1283 2518 1317 2558 V
1349 2518 1434 2558 678
1468 2517 1518 2559 de
1550 2517 1695 2559 avibus
1726 2516 1944 2571 usurpavit
1975 2530 1998 2558 a
2019 2517 2152 2558 Plinio
2184 2517 2235 2559 ad
2269 2517 2454 2558 homines
2486 2530 2553 2558 re-

275 2595 408 2638 fertur
438 2595 498 2637 IX
534 2596 601 2645 10,
635 2597 660 2636 2
692 2608 772 2649 qua
803 2595 846 2636 in
878 2608 920 2636 re
952 2593 1192 2636 Martialem
1224 2594 1259 2634 V
1281 2595 1351 2643 52,
1387 2595 1411 2634 8
1444 2594 1632 2635 imitatus
1654 2595 1728 2635 est.
1791 2593 2126 2646 gustatorium
2163 2594 2194 2633 V
2227 2595 2266 2641 6,
2305 2594 2383 2641 :157;
2417 2606 2555 2634 man-

275 2674 421 2716 nulus
452 2673 510 2715 IV
542 2674 582 2723 2,
616 2674 665 2722 33
699 2674 898 2714 exactus
930 2671 979 2713 de
1012 2670 1177 2712 homine
1209 2669 1365 2712 dietum
1399 2670 1498 2711 VIII
1532 2671 1601 2719 23,
1635 2670 1684 2718 5;
1718 2670 1946 2711 hamatus
1979 2669 2027 2711 de
2060 2670 2297 2712 muneribus
2334 2670 2389 2711 IX
2421 2671 2491 2719 30,
2525 2671 2551 2710 2

274 2750 344 2804 (cf.
376 2750 501 2792 Mart.
536 2749 593 2791 VI
625 2751 695 2799 63,
728 2751 753 2789 5
785 2763 958 2791 munera
990 2762 1144 2802 maqna
1177 2747 1337 2800 quidem
1370 2748 1496 2796 misit,
1527 2748 1599 2787 sed
1630 2748 1744 2789 misit
1775 2748 1821 2787 iu
1852 2747 2019 2802 t'zarno),·
2059 2747 2375 2800 pumicatus
2407 2746 2450 2787 II
2486 2747 2553 2795 11,

276 2827 354 2875 23;
387 2825 672 2880 adstringi
702 2838 773 2880 pro
803 2825 1075 2880 ‘refrigerari'
1106 2824 1144 2866 V
1167 2826 1207 2874 6,
1241 2824 1317 2872 25;
1350 2823 1573 2876 stropha
1605 2836 1675 2876 pro
1698 2822 1957 2864 excusatione
1986 2823 2136 2873 dolosa,
2171 2823 2334 2864 fallacia
2366 2824 2386 2863 Ι
2413 2824 2478 2873 19,
2503 2825 2554 2872 63

274 2901 456 2944 lemma
486 2901 546 2943 IV
578 2902 649 2951 27,
684 2903 732 2951 3;
765 2901 1040 2943 salubriter
1071 2901 1089 2942 I
1124 2900 1193 2949 24,
1227 2900 1252 2939 5
1286 2912 1356 2952 pro
1388 2911 1465 2951 quo
1498 2898 1704 2941 Martialis
1740 2898 1775 2939 X
1814 2897 1907 2947 104,
1947 2898 1997 2938 14
2035 2901 2169 2951 pretio
2200 2900 2360 2942 salubri
2393 2899 2553 2941 locutus

276 2979 351 3020 est.
414 2976 562 3021 deinde
594 2990 740 3020 cenam
770 2976 905 3027 illam,
948 2976 1000 3019 ad
1032 2989 1156 3031 quam
1188 2974 1390 3029 Septicius
1422 2972 1565 3016 Clarus
1597 2988 1620 3016 a
1652 2973 1786 3016 Plinio
1819 2987 1882 3027 ep.
1917 2972 1936 3013 Ι
1975 2974 2022 3015 15
2056 2976 2222 3016 vocatus
2254 2986 2334 3016 non
2367 2974 2549 3030 venerat,

273 3053 555 3096 lautissimam
586 3053 714 3096 fuisse
746 3065 793 3095 ex
824 3053 948 3095 Mart.
980 3053 1085 3094 XIII
1117 3053 1173 3093 53
1206 3051 1378 3105 adparet
1415 3051 1456 3092 et
1493 3049 1801 3091 Gaditanae
1832 3062 1857 3090 a
1892 3049 2026 3104 Mart„
2048 3050 2082 3090 V
2112 3050 2185 3100 78,
2217 3051 2272 3090 26
2306 3062 2554 3092 commemo-

275 3132 433 3172 rantur.
495 3131 561 3172 his
591 3130 799 3173 addantur
829 3130 1045 3172 lactuca
1076 3143 1179 3183 quae
1212 3127 1338 3169 Plinii
1370 3128 1505 3169 aetate
1537 3128 1588 3169 ab
1621 3127 1740 3169 initio
1773 3139 1896 3168 cenae
1918 3126 2199 3180 adponebatur
2244 3127 2263 3168 l
2302 3129 2367 3177 15,
2402 3129 2426 3168 2
2461 3127 2552 3179 (vox

275 3210 440 3262 praeter
470 3207 692 3249 Horatium
724 3207 802 3248 sat.
836 3206 876 3247 II
910 3207 948 3256 8,
983 3207 1008 3246 8
1040 3219 1064 3248 a
1095 3206 1222 3247 Mart.
1261 3204 1322 3244 XI
1353 3205 1424 3250 52,
1458 3205 1496 3244 5.
1547 3203 1647 3244 XIII
1684 3204 1749 3244 14.
1785 3204 1841 3243 53
1874 3205 2226 3257 commemorata),
2271 3206 2312 3246 et
2343 3204 2491 3245 aliea
2534 3201 2554 3241 Ι

281 3285 348 3333 15,
372 3286 398 3325 2
430 3285 481 3326 cf.
505 3284 630 3326 Mart.
658 3283 760 3324 XIII
783 3284 823 3333 6,
859 3284 892 3324 l.
955 3295 1049 3324 011111
1069 3282 1265 3324 Iuvenale
1296 3282 1370 3322 has
1392 3293 1509 3322 voces
1539 3294 1777 3323 communes
1810 3280 1936 3322 habet
1955 3280 2136 3322 Plinius:
2169 3280 2341 3322 statio
2373 3279 2394 3321 I
2421 3281 2486 3327 13,
2512 3279 2552 3319 2.
