2865 3681
1272 280 1291 283 -
1358 221 1432 262 1⁶
1515 283 1523 285 ,

256 358 449 402 Ovidium
469 360 568 401 met.
602 358 660 400 IV
683 359 771 401 318
802 372 895 401 cum
925 373 968 401 se
998 363 1231 415 composuit,
1263 375 1355 403 cum
1386 364 1677 417 circumspexit
1697 362 1895 404 amictum
1925 359 2126 402 imitatus.
2189 364 2280 403 tum
2311 375 2524 418 compo·
2540 378 2555 393 ⁸

253 448 381 479 nere
409 435 627 476 vultum
660 448 707 477 ex
738 435 882 477 eodem
914 449 989 478 usu
1021 436 1222 480 Ovidiano
1252 439 1350 479 met.
1386 439 1490 480 XIII
1525 441 1607 481 767
1640 438 1802 480 Plinius
1831 436 1992 480 locutus
2022 437 2088 479 est
2117 436 2161 479 II
2183 439 2253 489 20,
2276 440 2315 480 3.
2356 439 2420 482 III
2455 438 2523 492 16,

256 513 298 555 5.
346 512 426 554 VII
461 514 499 562 1,
534 513 561 553 6
605 511 729 554 sicuti
760 511 930 555 Tacitus
962 511 1240 565 Quintilianus
1272 512 1502 556 Suetonius.
1566 527 1613 557 ex
1643 513 1876 557 imitatione
1914 513 2052 556 autem
2083 511 2324 568 Vergiliana
2363 515 2469 569 (aen.
2503 517 2523 558 I

205 644 222 656 ο
256 589 342 631 698
374 587 444 630 ubi
474 603 516 631 se
545 602 780 641 componere
808 587 919 630 idem
940 587 1053 631 valet
1084 588 1190 644 quod
1216 588 1470 640 decumbere,
1493 589 1645 645 iacere)
1676 602 1748 644 per
1778 590 2094 632 translationem
2115 588 2274 631 Plinius
2304 591 2355 632 de
2383 590 2523 634 Sullae

254 663 343 706 vita
374 663 540 718 privata
569 663 673 706 dixit
703 663 742 706 V
767 665 836 716 18,
862 666 881 707 1
916 666 959 707 iu
992 677 1075 719 qua
1106 664 1242 718 (villa)
1272 679 1314 708 se
1343 671 1621 719 composuerat
1652 667 1678 708 i.
1713 679 1747 708 e.
1781 667 1823 707 in
1851 678 1973 719 quam
2004 678 2026 706 e
2058 665 2189 706 turbis
2220 678 2357 706 rerum
2386 668 2524 719 publi-

255 753 398 783 carum
437 741 674 784 secesserat.
737 740 816 783 11116
853 753 932 783 11611
973 740 1179 793 pertinent
1215 752 1263 782 ea
1293 741 1417 783 verba
1456 753 1558 795 quae
1591 741 1753 783 Plinius
1784 742 1886 784 dixit
1916 754 2007 796 pan.
2050 743 2117 793 76,
2152 743 2179 782 5
2220 743 2449 795 imperator
2477 746 2520 785 ire

253 821 403 860 senatu
433 818 490 860 ad
520 818 789 860 reverentiam
818 817 905 859 eius
935 816 1255 869 componebatur,
1289 816 1358 859 ubi
1379 817 1515 859 minus
1546 818 1642 871 apte
1665 818 1698 859 Ι.
1722 819 1780 859 Μ.
1805 819 2031 860 Catanaeus
2063 818 2112 858 de
2143 818 2292 859 lectica
2324 820 2524 873 cogitavit

256 905 337 946 qua
367 893 631 936 Domitianus
672 892 833 935 delatus
865 892 920 933 sit
951 891 990 933 in
1024 893 1225 935 senatum.
1290 906 1386 936 nam
1427 894 1503 936 hoc
1541 894 1631 936 loco
1674 895 1942 948 componendi
1984 895 2153 935 verbum
2196 906 2242 935 eo
2285 895 2522 949 significatu

256 968 485 1012 ornandum
521 954 607 1011 esse
648 970 746 1022 puto
788 979 865 1021 quo
898 966 1069 1009 Ovidius
1109 968 1193 1009 iam
1234 969 1461 1023 praeierat,
1505 970 1565 1012 ita
1594 958 1655 1011 ut
1672 969 1833 1012 Plinius
1864 971 2040 1012 voluerit
2070 970 2204 1011 dicere
2235 971 2521 1012 Domitianum

255 1045 450 1100 quamdiu
482 1044 641 1087 senatui
672 1044 892 1086 interesset
922 1043 1152 1086 simulando
1182 1045 1224 1087 id
1257 1046 1388 1100 egisse
1421 1048 1468 1087 ut
1501 1049 1687 1088 senatum
1721 1047 1899 1088 revereri
1920 1046 2137 1089 videretur.
2184 1048 2521 1100 comprecari

256 1123 347 1175 post
377 1122 519 1175 poetas
549 1120 697 1174 prioris
729 1122 771 1161 et
804 1120 1039 1174 Augusteae
1070 1122 1223 1163 aetatis
1256 1122 1391 1174 (Ovid.
1427 1123 1599 1176 Catull.)
1630 1123 1673 1163 in
1704 1122 1895 1164 Pliniano
1926 1136 2000 1164 usu
2031 1121 2094 1163 IV
2118 1123 2187 1172 25,
2221 1124 2259 1164 2.
2293 1136 2385 1175 pan.
2420 1126 2460 1175 2,
2495 1126 2520 1167 8

254 1199 331 1240 est.
397 1197 626 1240 condere
658 1197 707 1239 de
729 1198 913 1251 tempore
934 1210 1008 1251 pro
1040 1201 1311 1247 ‘consumere,
1345 1199 1561 1242 conficere’
1592 1199 1808 1253 praecipue
1830 1199 1939 1252 apud
1960 1201 2101 1253 poetas
2122 1197 2311 1253 legimus,
2344 1201 2392 1241 ut
2413 1200 2521 1254 apud

253 1274 355 1316 Hor.
390 1274 453 1316 od.
486 1273 546 1314 IV
580 1275 619 1324 5,
654 1275 723 1316 29.
755 1273 878 1329 Verg.
913 1286 1054 1328 georg.
1088 1274 1229 1316 1458.
1263 1275 1339 1317 ecl.
1363 1275 1419 1323 lX
1443 1276 1512 1327 52,
1545 1275 1648 1318 unde
1680 1275 1839 1317 Plinius
1870 1275 1910 1317 11
1946 1277 2013 1325 17,
2051 1277 2103 1317 12
2135 1275 2194 1318 sol
2218 1277 2406 1318 nascitur
2431 1290 2522 1319 corz-

254 1353 459 1406 diturquc,
482 1350 541 1392 IX
566 1352 637 1400 36,
656 1352 683 1392 4
710 1351 797 1393 dics
817 1353 894 1393 cito
913 1351 1115 1402 conditur,
1139 1364 1231 1405 pan.
1256 1353 1326 1404 80,
1352 1353 1377 1394 6
1405 1366 1496 1395 cum
1519 1353 1591 1395 tibi
1613 1353 1699 1395 dics
1719 1353 1852 1395 one-uis
1871 1366 2035 1395 summa
2057 1366 2149 1395 cum
2170 1352 2346 1394 utilitate
2366 1357 2518 1398 nostra,

253 1443 347 1471 cum
368 1433 441 1470 tua
462 1428 584 1470 laude
604 1428 816 1470 condatur.
880 1428 1095 1481 postquam
1127 1427 1271 1471 deinde
1304 1428 1526 1482 sepeliendi
1559 1429 1600 1471 vi
1629 1429 1704 1471 hoc
1734 1429 1903 1471 verbum
1925 1428 2053 1470 etiam
2076 1430 2219 1482 poetae
2241 1428 2521 1470 instruxerunt

253 1504 322 1559 (cf.
356 1504 481 1558 Verg.
514 1516 603 1546 aen.
637 1503 699 1546 III
732 1505 802 1554 67,
842 1503 949 1558 apud
980 1516 1101 1558 quem
1132 1503 1186 1545 ib.
1221 1504 1240 1545 Ι
1273 1505 1357 1546 374
1391 1504 1457 1547 vel
1488 1519 1719 1560 componere
1750 1505 1858 1547 idem
1891 1505 2003 1546 valet
2034 1505 2139 1559 quod
2172 1505 2357 1555 condere,
2401 1504 2517 1546 Ovid.

252 1582 348 1624 fast.
381 1581 418 1621 V
452 1581 550 1623 451.
584 1580 679 1623 val.
710 1581 847 1623 Flacc.
884 1581 918 1622 V
943 1582 1057 1634 198),
1091 1581 1250 1622 Plinius
1282 1594 1363 1622 non
1394 1581 1600 1623 dubitavit
1632 1581 1765 1624 dicere
1800 1581 1879 1622 VII
1912 1583 1980 1629 27,
2020 1583 2065 1623 11
2102 1582 2246 1623 domus
2268 1584 2413 1634 postea
2443 1582 2521 1622 rite

252 1658 429 1700 condit-is
460 1659 652 1700 mansibus
683 1658 830 1699 caru-it.
894 1656 1172 1710 corripere
1204 1658 1341 1700 viam
1374 1657 1433 1699 IV
1460 1660 1496 1709 1,
1522 1660 1548 1698 6
1580 1658 1687 1712 quod
1719 1660 1780 1699 est
1811 1658 1917 1712 apud
1938 1658 2060 1712 Verg.
2091 1670 2180 1700 aen.
2213 1658 2233 1697 I
2266 1658 2364 1698 422.
2407 1669 2521 1698 616-

252 1733 510 1785 brescere
543 1732 623 1774 VII
647 1734 717 1775 27.
742 1733 766 1774 8
799 1731 904 1787 (111οᾶ
926 1732 1094 1775 verbum
1122 1733 1289 1775 novavit
1312 1733 1522 1787 Vergilius
1554 1735 1661 1787 (aen.
1696 1734 1758 1774 III
1782 1735 1879 1774 350.
1912 1733 1995 1774 XII
2018 1736 2114 1775 222.
2149 1735 2267 1786 407),
2299 1734 2519 1786 argenteae

255 1809 483 1852 latinitatis
516 1809 759 1862 scriptorum
791 1821 865 1850 usu
903 1810 1111 1863 receptum
1150 1810 1223 1851 est.
1286 1809 1525 1864 culpare.
1589 1811 1783 1864 culpandi
1815 1811 1985 1851 verbum
2016 1823 2040 1851 a
2071 1811 2194 1864 Verg.
2238 1823 2326 1851 aen.
2361 1808 2402 1850 11
2434 1811 2518 1851 602
2579 1840 2584 1847 .

252 1886 400 1929 fictum
430 1898 549 1940 saepe
580 1886 687 1941 apud
708 1885 890 1927 Plinium
921 1886 1153 1927 invenitur:
1191 1886 1212 1926 I
1235 1888 1275 1938 8,
1303 1886 1355 1927 15
1386 1888 1423 1928 si
1455 1887 1671 1928 laudanda
1702 1902 1779 1928 rum
1811 1887 1946 1938 sileas,
1980 1888 2068 1939 ipse
2098 1887 2295 1939 culparis,
2328 1885 2365 1925 V
2389 1886 2428 1935 8,
2466 1887 2518 1927 13

255 1964 302 2005 in
324 1964 453 2007 tantis
472 1964 587 2011 vitiis
606 1964 817 2005 hominum
831 1963 963 2016 plura
983 1964 1192 2017 culpanda
1212 1968 1308 2005 sunt
1327 1978 1449 2017 quam
1474 1964 1701 2016 laudanda,
1736 1968 1821 2005 tum
1842 1964 1880 2005 si
1902 1963 2151 2007 laudaveris,
2176 1976 2349 2015 parcus,
2377 1963 2415 2004 si
2436 1961 2519 2004 cul-

248 2041 432 2093 paveris,
464 2042 622 2082 nimius
639 2042 770 2093 fuisse
789 2041 958 2088 dicans,
982 2040 1061 2080 VII
1089 2042 1156 2090 17,
1180 2042 1207 2081 4
1228 2055 1329 2082 uum
1349 2056 1443 2094 erqo
1464 2041 1695 2092 culpandus
1715 2046 1771 2082 est
1792 2041 1860 2081 me
1880 2042 1950 2093 qm'
1972 2041 2129 2092 mestit?
2156 2038 2216 2080 IX
2242 2040 2309 2089 19,
2334 2038 2358 2080 8
2381 2042 2519 2081 muter

251 2116 497 2171 ‹ulparzdus‚
528 2116 585 2158 ib.
619 2117 690 2168 26,
726 2117 780 2158 10
812 2117 919 2159 dices
948 2117 1055 2158 hunc
1084 2130 1236 2172 quoque
1265 2118 1310 2158 ob
1341 2118 1424 2158 ista
1455 2116 1632 2169 culpari.
1695 2128 1924 2158 curvare
1956 2115 1996 2156 II
2035 2117 2107 2164 17,
2147 2116 2172 2155 8
2216 2114 2442 2157 cubiculum
2474 2116 2515 2156 iu

251 2194 435 2247 hasp‘t’cla
466 2197 693 2243 curvatum,
716 2193 774 2233 VI
802 2195 868 2243 16,
896 2195 947 2234 12
981 2194 1240 2235 circumactis
1270 2195 1528 2247 curvatisque
1549 2194 1745 2241 litoribus,
1779 2192 1838 2233 IX
1862 2194 1932 2242 26,
1957 2194 1984 2233 4
2015 2196 2210 2234 curvatur
2241 2191 2374 2233 arbor.
2421 2189 2517 2247 'de-

253 2269 477 2324 dignari
508 2270 614 2322 quod
646 2272 710 2309 est
741 2270 847 2323 apud
881 2269 997 2310 Ovid.
1030 2269 1148 2310 Pont.
1200 2269 1217 2309 I
1253 2271 1298 2319 7,
1341 2272 1396 2311 33
1437 2271 1478 2310 et
1510 2269 1635 2323 Verg.
1670 2282 1758 2310 aen.
1800 2268 1859 2309 IV
1893 2269 1977 2310 536
2009 2269 2072 2309 ter
2103 2267 2211 2321 apud
2242 2266 2425 2309 Plinium
2457 2266 2518 2309 le-

251 2346 389 2400 gitur:
422 2345 525 2387 VIII
559 2346 599 2396 6,
631 2347 685 2387 16
716 2360 814 2399 quos
843 2346 1049 2399 (honores)
1082 2346 1228 2388 Pallas
1258 2360 1335 2387 mm
1368 2345 1681 2400 ἀειίἰρπαόατίιν,
1715 2357 1806 2398 pan.
1843 2345 1911 2394 55,
1946 2345 1972 2385 4
2004 2344 2073 2398 qui
2105 2344 2280 2385 minores
2311 2342 2518 2396 (honores)

252 2436 332 2463 mm
364 2422 611 2477 dediqueris,
646 2421 699 2463 11).
735 2423 805 2469 63,
835 2423 861 2462 4
894 2423 1169 2474 concupiscere
1198 2422 1397 2472 honorem,
1431 2436 1548 2476 quem
1580 2421 1824 2474 dedique-ris,
1858 2421 2075 2474 dediynari
2107 2434 2224 2474 quem
2254 2420 2516 2472 concupieris.

253 2498 469 2552 praeterea
505 2496 562 2539 VI
599 2498 673 2549 17,
720 2498 744 2539 5
784 2497 940 2553 legitur
971 2498 1235 2552 dedimmtur,
1278 2497 1348 2537 ubi
1379 2497 1506 2537 Henr.
1539 2496 1704 2536 Keilius
1735 2497 1904 2537 invicem
1937 2500 2161 2537 contemnat
2197 2494 2364 2547 recepit,
2398 2507 2518 2547 quam

255 2573 304 2616 G.
339 2573 385 2616 Ε.
421 2572 629 2628 Gierigius
666 2574 849 2629 glossam
892 2586 977 2615 esse
1016 2575 1125 2616 recte
1165 2575 1389 2615 arbitratus
1421 2577 1497 2615 est.
1561 2575 1603 2613 in
1636 2573 1820 2613 Mediceo
1854 2572 1989 2613 codice
2021 2572 2209 2613 lacunam
2242 2570 2415 2613 inveniri
2446 2569 2519 2612 do-

253 2650 421 2693 lendum
454 2652 528 2693 est.
594 2651 642 2693 de
674 2651 925 2706 dedignandi
956 2650 1071 2692 verbi
1104 2663 1195 2692 cum
1226 2650 1431 2692 infinitivo
1463 2651 1670 2692 structura
1702 2663 1740 2703 p.
1779 2652 1824 2690 11
1862 2649 2129 2703 exposuimus.
2193 2648 2414 2690 deflere.
2448 2647 2517 2689 de-

253 2727 379 2769 flendi
411 2728 535 2770 verbo
569 2727 729 2770 Plinius
760 2728 859 2770 VIII
895 2730 965 2779 16,
999 2729 1025 2769 5
1056 2729 1101 2770 in
1131 2730 1227 2770 sinu
1257 2729 1383 2770 amici
1420 2727 1571 2779 defleas
1602 2726 1744 2768 eodem
1775 2727 1896 2768 modo
1927 2738 2005 2780 quo
2037 2724 2276 2779 Propertius
2308 2724 2327 2766 I
2362 2726 2429 2775 16,
2467 2725 2518 2765 13

247 2804 449 2860 yravibus
479 2804 625 2858 deflere
655 2804 827 2860 querelis
855 2816 953 2847 usus
984 2804 1061 2855 est,
1093 2803 1154 2846 ita
1184 2804 1231 2846 ut
1261 2804 1511 2859 significatio
1543 2791 1807 2845 intransitiva
1837 2802 1949 2853 insit,
1982 2803 2033 2844 ad
2056 2814 2178 2856 quam
2199 2801 2516 2843 confirmandam

252 2879 296 2923 C.
328 2880 620 2924 Lachmannus
660 2894 740 2923 non
781 2881 916 2923 nullos
947 2881 1113 2924 Manilii
1153 2882 1195 2923 et
1225 2881 1392 2935 Apuleii
1434 2881 1546 2923 locos
1587 2880 1631 2921 in
1672 2881 1721 2922 A.
1756 2880 1976 2922 Forcellini
2012 2880 2205 2922 thesauro
2237 2879 2398 2921 adlatos
2428 2877 2519 2919 lau-

252 2959 381 3002 davit.
444 2958 672 3014 defungi
713 2972 785 3012 pro
826 2959 968 3001 ‘mori’
1010 2958 1073 3000 III
1106 2960 1181 3009 21,
1216 2959 1254 3000 6.
1304 2957 1363 2999 IV
1396 2959 1471 3008 21,
1506 2959 1545 2999 3.
1596 2957 1631 2997 V
1668 2958 1739 3007 16,
1784 2959 1818 2999 l.
1867 2957 1919 2999 ad
1958 2957 2067 2999 Trai.
2111 2957 2136 2998 5
2167 2956 2263 3012 (4),
2307 2957 2356 3005 2,
2397 2953 2518 2997 sicuti

250 3036 411 3079 Plinius
438 3035 628 3079 absolute
659 3035 833 3078 obeundi
854 3036 977 3078 verbo
1000 3048 1097 3078 usus
1117 3036 1180 3077 est
1201 3048 1273 3090 pro
1304 3035 1499 3077 ‘mortem
1523 3033 1653 3076 obire’
1682 3033 1741 3076 VI
1764 3036 1803 3086 2,
1830 3035 1867 3075 5.
1930 3034 2183 3076 desinere
2213 3045 2287 3088 pro
2319 3031 2519 3080 ‘interire,

251 3112 404 3166 perire'
423 3112 468 3153 II
481 3114 585 3162 10,4
599 3112 778 3167 frayilia
793 3117 830 3154 et
845 3112 1003 3154 caduca
1017 3126 1097 3154 rum
1113 3114 1252 3154 minus
1266 3127 1392 3166 quam
1407 3112 1493 3164 ipsi
1508 3112 1687 3153 homiues
1702 3112 1887 3153 occidunt
1902 3111 2180 3165 desinuntque.
2212 3110 2280 3152 hic
2295 3121 2391 3152 usus
2406 3107 2519 3151 verbi

251 3202 273 3230 e
304 3191 520 3244 poetarum
552 3202 665 3231 more
697 3188 897 3231 formatus
927 3188 1090 3230 videtur
1119 3201 1220 3239 esse,
1254 3201 1374 3242 quem
1405 3186 1447 3229 in
1479 3185 1543 3229 his
1575 3198 1729 3241 quoque
1761 3185 1895 3229 inesse
1926 3185 2083 3229 iudico:
2122 3185 2155 3226 V
2191 3187 2233 3237 6,
2270 3186 2323 3228 19
2355 3187 2517 3239 xystum
