2865 3681
1991 260 2017 274 .-

1395 294 1466 335 14
1533 353 1557 356 .-

289 431 389 474 Tac.
422 432 520 474 dial.
553 434 579 474 9
621 434 664 474 et
693 431 800 484 apud
832 429 1005 481 Quintil.
1044 430 1087 471 11
1116 431 1194 480 17,
1238 432 1307 472 40.
1360 431 1421 472 xl
1459 434 1501 481 1,
1545 434 1613 474 92.
1662 431 1743 473 ΧΠ
1776 433 1817 482 2,
1850 432 1919 473 25.
1982 416 2185 473 adiciefidi
2218 434 2358 475 autem
2388 435 2558 478 verbum

289 509 521 563 complures
552 507 768 561 scriptores
781 537 791 555 ,
833 505 876 546 in
908 506 975 547 his
1003 506 1187 556 Plinius,
1230 519 1354 560 saepe
1382 521 1477 549 cum
1508 508 1742 551 accusativo
1779 509 1822 550 et
1851 506 2054 550 infinitivo
2085 506 2392 552 coniunxerunt.
2453 510 2558 566 quod

291 596 387 629 vero
417 584 593 626 formula
622 583 756 624 adde
787 582 922 636 quod
953 581 1123 624 Asinius
1144 582 1275 624 Pollio
1307 584 1415 637 apud
1440 583 1524 627 Cic.
1557 584 1654 626 fam.
1688 583 1726 625 X
1754 584 1825 633 31,
1858 584 1883 625 4
1917 584 1959 626 et
1979 582 2120 626 Livius
2140 595 2263 637 quem
2293 596 2417 639 supra
2447 598 2559 632 eom-

293 661 517 705 memoravi
548 660 611 702 usi
644 662 753 709 sunt,
785 659 881 701 inde
913 659 1022 701 effici
1052 673 1131 701 non
1161 660 1310 714 potest,
1344 660 1448 703 illud
1481 661 1643 704 dicendi
1674 673 1804 715 genus
1834 658 2283 714 praestantissimorum
2315 660 2557 715 scriptorum

289 751 365 781 usu
394 738 664 793 comprobari.
726 750 808 792 qua
838 737 881 778 in
911 751 956 780 re
987 738 1196 780 consentio
1227 751 1320 779 cum
1349 738 1395 779 F.
1427 739 1581 781 Haasio
1612 739 1663 782 ad
1696 738 1740 780 C.
1762 736 1993 792 Reisigium
2024 751 2062 791 p.
2086 737 2171 780 599
2193 736 2411 780 formulam
2442 737 2557 784 illam

287 829 313 859 a
342 815 474 870 poetis
504 815 718 857 inventam
749 828 837 857 esse
870 814 1053 857 docente.
1116 815 1331 857 adflare
1368 818 1586 870 postquam
1625 818 1675 859 ab
1704 815 1848 857 Ovidio
1884 814 1993 858 trist.
2026 813 2046 856 I
2078 816 2118 865 9,
2151 816 2220 858 22.
2269 814 2387 858 Pont.
2420 814 2483 859 111
2516 817 2555 867 6,

290 893 343 934 17
376 894 420 935 et
449 905 475 933 a
505 892 689 946 Vergilio
720 904 810 933 aen.
864 892 904 932 II
937 893 1022 932 648
1060 891 1111 932 (16
1147 892 1269 933 rebus
1305 905 1409 944 quae
1447 893 1550 935 flatu
1582 894 1717 946 aliquo
1748 892 1844 933 ferri
1876 891 2069 934 videntur
2099 893 2147 934 ut
2177 891 2227 934 de
2258 891 2430 936 fulmine
2449 894 2557 949 ‘igne

285 970 532 1022 usurpatum
563 970 645 1017 est,
684 967 844 1008 Plinius
875 980 968 1021 pan.
1003 969 1077 1017 90,
1121 968 1146 1008 5
1185 967 1286 1009 haec
1317 968 1443 1009 verba
1474 968 1596 1011 fecit:
1627 973 1843 1022 utrumque
1877 971 2062 1010 nostrum
2093 968 2162 1010 ille
2189 969 2337 1021 optimi
2367 970 2558 1024 cuiusqw?

284 1044 488 1098 spoliator
516 1048 554 1085 et
583 1044 772 1096 carnifex
805 1076 813 1084 .
849 1076 858 1084 .
890 1044 996 1101 iacto
1022 1042 1200 1094 fulmine
1229 1044 1463 1093 adflaverat
1494 1044 1521 1085 i.
1556 1058 1591 1086 e.
1627 1045 1851 1097 explicante
1872 1043 1904 1084 Ι.
1927 1044 1984 1084 M.
2009 1043 2214 1085 Catanaeo
2236 1043 2404 1086 flamma
2431 1044 2555 1086 strin—

288 1122 417 1169 xerat,
449 1120 547 1172 quia
576 1120 645 1172 qui
677 1119 849 1160 fulmine
890 1118 1098 1159 adflantur
1135 1131 1215 1159 non
1245 1118 1356 1160 illico
1398 1119 1616 1162 feriuntur.
1681 1119 1870 1162 similiter
1909 1118 2069 1162 locutus
2100 1120 2163 1162 est
2204 1118 2315 1162 Suet.
2354 1118 2446 1162 Tib.
2485 1121 2554 1163 69.

289 1196 574 1238 admovere
606 1194 687 1235 VII
713 1196 749 1244 1,
773 1195 800 1234 4
830 1193 1117 1247 admotumque
1146 1194 1234 1236 iam
1266 1194 1394 1236 labris
1417 1196 1614 1247 poculum
1648 1195 1806 1237 Plinius
1831 1208 1877 1236 ex
1899 1194 2081 1248 Vergilio
2113 1195 2187 1237 661.
2212 1194 2276 1236 ΙΙΙ
2297 1196 2353 1236 43
2384 1197 2554 1238 necdum

292 1272 381 1315 fais
410 1271 600 1325 (poculis)
631 1271 751 1313 labra
781 1271 947 1312 admovi
979 1271 1020 1311 et
1051 1269 1312 1324 amplecti
1343 1270 1395 1312 ad
1428 1270 1538 1313 Trai.
1575 1272 1629 1313 70
1664 1272 1767 1325 (75),
1801 1273 1826 1310 3
1858 1272 1985 1313 locum
2019 1305 2027 1313 .
2063 1306 2071 1312 .
2104 1271 2255 1313 eoeedra
2280 1275 2316 1314 et
2328 1273 2556 1324 porticibtae

292 1348 484 1402 amplecti
516 1361 561 1389 ex
593 1346 716 1400 Verg.
758 1346 832 1388 661.
865 1345 928 1387 III
962 1347 1017 1386 45
1048 1351 1106 1388 est
1137 1360 1265 1388 ausas
1296 1347 1517 1399 amplexus
1548 1350 1723 1390 acantho
1748 1347 1910 1390 videtur
1938 1347 2133 1388 hausisse.
2187 1346 2474 1401 adspicere
2505 1347 2555 1390 de

288 1420 371 1467 situ
402 1437 541 1467 rerum
573 1424 730 1466 dictum
764 1424 798 1464 V
832 1424 878 1473 6,
913 1424 980 1465 21.
1016 1424 1071 1465 29
1103 1425 1150 1466 ut
1181 1423 1288 1478 apud
1321 1423 1477 1465 Colum.
1511 1437 1543 1464 r.
1578 1437 1609 1465 r.
1644 1423 1745 1466 VIII
1780 1424 1818 1474 8,
1852 1425 1889 1466 2.
1953 1423 2048 1466 Tac.
2093 1423 2192 1477 Agr.
2229 1423 2297 1464 24.
2331 1421 2471 1465 Germ.
2504 1423 2554 1470 5:

287 1502 346 1545 sic
377 1515 496 1556 saepe
527 1503 684 1555 poetae.
717 1500 894 1542 maxime
915 1500 1123 1555 Vergilius
1145 1500 1270 1542 locuti
1302 1501 1410 1543 sunt.
1472 1500 1797 1556 adsurgere,
1830 1513 1901 1542 vox
1933 1500 1982 1543 de
2013 1500 2133 1542 rebus
2156 1499 2432 1542 crescentibus
2463 1503 2555 1554 post

287 1579 519 1632 Vergilium
550 1591 691 1631 georg.
724 1577 788 1618 ΠΙ
820 1579 919 1618 354.
967 1577 1025 1618 IV
1058 1578 1125 1618 86.
1158 1590 1248 1619 aen.
1280 1577 1299 1619 I
1332 1579 1416 1620 539
1449 1578 1717 1631 scriptoribus
1748 1579 1965 1632 argenteae
1995 1576 2217 1620 latinitatis
2247 1576 2414 1626 usitata,
2447 1578 2555 1631 apud

290 1654 475 1697 Plinium
506 1652 661 1707 legitur
690 1651 748 1694 IV
781 1653 849 1702 30,
883 1653 908 1693 3
941 1651 990 1695 (16
1021 1651 1147 1703 fonte,
1182 1652 1237 1694 VI
1270 1654 1339 1702 31,
1377 1654 1428 1694 16
1461 1653 1511 1694 (16
1544 1652 1693 1696 insula.
1726 1653 1827 1694 VIII
1859 1655 1898 1697 4.
1931 1656 1956 1691 3
1990 1653 2039 1693 de
2071 1653 2250 1704 ingenio,
2284 1654 2338 1694 ib.
2374 1656 2411 1695 8.
2447 1655 2471 1693 2
2505 1653 2555 1693 (16

289 1731 406 1774 60116.
469 1730 570 1773 item
604 1742 897 1783 consurgere
938 1728 1046 1782 apud
1078 1727 1257 1769 Plinium
1290 1729 1325 1769 V
1359 1730 1403 1771 6.
1442 1730 1494 1769 14
1533 1729 1584 1771 (16
1618 1729 1717 1770 villa
1748 1729 1911 1782 legitur.
1973 1729 2211 1782 ampliare
2248 1731 2354 1783 quod
2385 1732 2481 1772 ante
2513 1730 2553 1770 in

288 1819 365 1848 usu
397 1806 548 1847 forensi
591 1807 702 1852 erat,
745 1805 838 1846 inde
870 1805 921 1845 ab
954 1804 1125 1846 Horatio
1155 1807 1232 1845 sat.
1266 1804 1284 1844 I
1317 1807 1357 1850 4.
1391 1807 1448 1845 32
1479 1816 1550 1858 pro
1582 1805 1768 1856 ‘augere’
1799 1805 1840 1845 in
1873 1818 1987 1846 usum
2020 1818 2137 1846 suum
2170 1805 2387 1859 scriptores
2417 1808 2555 1859 poste-

288 1882 416 1924 riores
448 1882 755 1940 converterunt,
798 1880 857 1922 ita
887 1881 933 1921 ut
962 1879 1156 1934 legantur
1194 1879 1300 1933 apud
1333 1879 1515 1921 Plinium
1547 1880 1599 1921 ad
1633 1880 1743 1921 Trai.
1789 1881 1842 1920 70
1875 1881 1984 1932 (75),
2030 1882 2047 1920 1
2084 1886 2129 1922 ut
2162 1882 2256 1933 ipsa
2286 1882 2434 1924 civitas
2464 1896 2552 1923 am-

224 1952 235 1961 ‘
281 1959 456 2014 plietur,
479 1971 571 2012 pan.
596 1959 665 2007 54,
690 1958 716 1998 4
737 1957 786 2001 de
817 1957 1062 2010 ampliando
1080 1956 1549 2011 numer(›9lc1diatortmz
1582 1991 1591 1999 .
1628 1991 1635 1999 .
1670 1957 1986 1999 consulebantur.
2029 1956 2222 2011 aperire
2255 1967 2427 1998 annum
2460 1970 2551 2011 pan.

289 2036 360 2083 58,
393 2036 420 2075 4
452 2034 502 2075 (16
534 2033 769 2075 60113111111113
799 2032 1092 2085 magistratum
1124 2032 1362 2074 ineuntibus
1393 2032 1564 2080 dictum.
1597 2033 1668 2074 11111
1700 2032 1860 2073 Plinius
1888 2034 2116 2087 Vergilium
2146 2046 2286 2087 georg.
2319 2033 2340 2074 I
2373 2035 2456 2075 217
2490 2034 2553 2074 di—

287 2112 449 2152 centem
481 2109 532 2152 de
563 2109 681 2162 signo
712 2107 822 2150 tauri
854 2121 1007 2149 annum
1038 2108 1247 2161 aperiente
1280 2108 1467 2150 imitatus
1499 2111 1574 2151 est.
1638 2108 1783 2150 eadem
1818 2108 2014 2151 locutione
2047 2109 2204 2151 Statius
2236 2110 2325 2151 silv.
2364 2110 2420 2150 IV
2460 2113 2493 2159 1,
2528 2112 2552 2150 2

286 2199 385 2228 usus
417 2187 492 2228 est.
557 2186 759 2238 aptare.
823 2183 993 2238 aptandi
1024 2184 1192 2226 verbum
1226 2183 1349 2238 Verg.
1382 2197 1471 2226 aen.
1505 2184 1562 2225 IV
1596 2185 1680 2225 289
1714 2186 1756 2226 et
1788 2185 1886 2225 Hor.
1920 2188 1994 2226 sat.
2028 2185 2067 2226 11
2101 2187 2140 2231 2,
2178 2186 2258 2225 110
2292 2185 2351 2227 ita
2381 2199 2553 2238 usurpa-

286 2265 436 2305 verunt
467 2263 514 2304 ut
550 2274 621 2315 pro
659 2262 835 2314 ὀ11111616,
869 2260 1087 2303 instruere’
1124 2260 1299 2314 positum
1334 2260 1542 2309 videatur;
1582 2261 1721 2314 itaque
1757 2260 1911 2301 Plinius
1944 2274 2031 2314 pan.
2071 2263 2141 2310 18,
2183 2265 2207 2302 2
2240 2277 2361 2303 arma
2394 2264 2552 2305 moenia

286 2340 400 2383 viros
429 2341 590 2393 aptant,
625 2336 682 2379 VI
718 2337 784 2387 16,
821 2337 843 2378 7
877 2337 983 2379 iubet
1002 2337 1274 2380 Liburnicum
1306 2339 1461 2392 aptari,
1497 2338 1608 2379 Suet.
1634 2337 1725 2378 Tib.
1761 2339 1816 2377 65
1849 2342 1994 2390 aptare
2025 2354 2147 2380 naves
2177 2342 2298 2391 atque
2321 2339 2491 2391 Quintil.
2514 2339 2551 2380 X

288 2415 328 2466 7,
363 2415 418 2457 23
450 2415 630 2458 nondum
667 2448 674 2456 .
711 2448 718 2456 .
754 2415 913 2467 aptatis
942 2415 1047 2454 satis
1077 2416 1348 2455 armamentis
1384 2415 1527 2455 eodem
1569 2415 1689 2453 modo
1722 2415 1797 2453 hoc
1829 2415 1996 2453 verbum
2029 2418 2339 2466 usurpaverunt.
2372 2418 2415 2457 et
2445 2416 2553 2468 apud

289 2489 453 2534 Livium
485 2504 642 2545 quoque
673 2490 911 2544 frequenter
941 2489 1095 2544 legitur
1125 2490 1293 2544 aptandi
1324 2492 1493 2533 verbum
1526 2491 1576 2531 de
1607 2491 1730 2531 rebus
1762 2490 1920 2530 bellicis
1957 2490 2220 2544 adparandis,
2263 2494 2309 2532 ut
2341 2493 2374 2532 V
2408 2494 2477 2540 49.
2511 2493 2550 2532 3.

287 2568 323 2608 X
359 2569 430 2616 33,
464 2569 502 2608 2,
551 2566 652 2608 ΧΧΙ
684 2567 754 2615 49,
788 2567 854 2608 11.
902 2566 1025 2607 XXII
1058 2568 1098 2615 5,
1132 2568 1171 2607 3.
1235 2568 1523 2616 attollere.
1559 2580 1630 2608 vox
1664 2567 1837 2620 poetica,
1870 2581 1948 2619 qua
1980 2568 2196 2620 scriptores
2228 2568 2373 2621 optimi
2406 2569 2456 2609 de
2489 2568 2552 2608 in-

287 2645 448 2685 dustria
478 2644 670 2683 videntur
701 2643 967 2689 abstinuisse.
1007 2657 1100 2685 cum
1138 2657 1163 2685 a
1194 2642 1458 2696 scriptoribus
1495 2642 1733 2697 posterioris
1771 2642 1920 2685 aetatis
1960 2644 2046 2686 tum
2086 2656 2110 2687 a
2152 2644 2282 2686 Plinio
2318 2646 2549 2699 usurpatur.

286 2722 462 2762 maxime
495 2721 545 2761 de
576 2720 757 2761 oratione
788 2719 851 2760 III
887 2721 953 2768 13,
987 2720 1027 2760 4.
1081 2719 1116 2761 V
1153 2719 1219 2768 17,
1254 2720 1304 2763 2;
1338 2719 1386 2762 de
1419 2719 1555 2762 animo
1588 2732 1680 2773 pan.
1717 2719 1786 2769 44,
1821 2719 1846 2760 6
1879 2719 1942 2771 (ut
1973 2718 2078 2774 apud
2101 2719 2222 2772 Verg.
2257 2732 2346 2762 aen.
2381 2720 2462 2761 XII
2494 2721 2549 2773 4).

285 2809 364 2849 quo
394 2796 443 2836 fit
474 2797 521 2835 ut
552 2795 732 2846 aliquem
764 2796 951 2837 attollere
993 2795 1053 2836 IX
1088 2796 1157 2844 26,
1192 2796 1216 2835 2
1261 2795 1365 2836 1116111
1401 2795 1534 2838 valeat
1571 2795 1675 2848 quod
1717 2794 1874 2848 erigere
1912 2797 1953 2836 et
1991 2795 2044 2838 ib.
2088 2797 2164 2844 33,
2203 2797 2250 2837 ll
2299 2797 2407 2838 idem
2447 2797 2550 2850 quod

285 2883 455 2924 augere,
507 2873 631 2922 atque
669 2870 829 2922 passiva
866 2871 980 2912 verbi
1018 2871 1150 2913 forma
1187 2885 1279 2913 cum
1317 2869 1560 2924 augescendi
1601 2870 1725 2913 verbo
1763 2869 1977 2913 coniuncta
2009 2870 2242 2913 inveniatur
2273 2884 2365 2926 pan.
2400 2872 2468 2921 57,
2502 2872 2551 2912 5:

284 2951 376 2990 tum
407 2948 458 2988 de
489 2947 584 2988 aliis
616 2947 756 2994 rebus,
795 2953 840 2988 ut
871 2946 921 2989 ad
955 2946 1065 2990 Trai.
1132 2947 1154 2988 7
1190 2946 1238 2989 (16
1272 2945 1520 2990 conscientia
1551 2945 1718 2997 civium,
1751 2958 1843 3000 pan.
1881 2947 1945 2996 14,
1978 2949 2003 2990 3
2036 2947 2085 2989 (16
2118 2946 2284 3001 pulvere
2315 2946 2550 3003 equitantis.

283 3024 476 3073 ausim,
521 3036 626 3076 quae
665 3023 795 3063 forma
835 3022 1085 3065 coniunctivi
1117 3022 1225 3076 apud
1258 3023 1361 3066 solos
1393 3025 1534 3077 poetas
1566 3024 1629 3077 (ut
1661 3021 1769 3077 apud
1802 3021 1918 3064 Lucr.
1942 3022 1981 3065 ΙΙ
2015 3023 2108 3065 178.
2143 3023 2177 3064 V
2214 3024 2309 3065 196.
2343 3024 2442 3065 Hor.
2474 3027 2550 3063 sat.

284 3102 304 3142 1
338 3102 406 3151 10,
440 3101 510 3142 48.
542 3100 668 3154 Verg.
702 3099 775 3142 ecl.
810 3099 871 3141 111
903 3101 972 3142 32.
1004 3113 1146 3155 georg.
1178 3098 1219 3141 II
1252 3099 1490 3143 289.Ον1(1.
1524 3113 1603 3143 am.
1638 3098 1679 3142 II
1712 3099 1752 3150 4,
1790 3098 1809 3140 1
1843 3098 1914 3154 al.)
1945 3098 2112 3155 legitur,
2145 3099 2208 3141 bis
2239 3099 2347 3154 apud
2369 3098 2549 3141 Plinium

284 3179 343 3221 IV
374 3180 416 3229 4,
449 3180 489 3219 3.
522 3176 583 3218 IX
620 3177 688 3227 13,
722 3177 776 3218 25
809 3178 851 3219 et
882 3177 989 3231 apud
1012 3177 1204 3220 Tacitum
1237 3179 1278 3220 et
1299 3176 1600 3230 Quintilianum
1632 3175 1850 3230 aliquoties
1881 3178 2023 3219 exstat.
2086 3179 2308 3220 cantare
2340 3176 2399 3217 IV
2435 3176 2500 3225 19,
2524 3176 2550 3215 4

283 3269 425 3299 versus
454 3268 573 3302 meos,
608 3253 687 3295 VII
721 3254 767 3302 4,
803 3255 828 3294 9
872 3254 1019 3308 leyitur
1049 3255 1244 3297 scribitur
1275 3259 1466 3297 cantatur
1497 3256 1634 3297 etiam.
1698 3253 1774 3294 hoc
1806 3253 1975 3296 verbum
2006 3253 2335 3314 frequentissime
2367 3265 2391 3295 a
2421 3251 2551 3306 poetis
