2865 3681
1388 306 1464 349 17.

287 446 542 498 desinwtem,
577 446 631 488 ib.
665 446 717 486 31
753 445 859 486 unde
890 445 1118 487 triclinium
1149 444 1310 488 desinit.
1346 445 1493 498 incipit
1514 449 1677 498 portus,
1710 457 1831 498 quem
1864 458 1981 486 usum
2020 445 2177 486 Plinius
2208 445 2338 488 etiam
2371 445 2424 488 ad
2454 459 2548 489 ora-

286 523 440 564 tionem
473 523 626 576 profert
658 521 718 562 IX
750 521 790 569 4,
830 522 864 561 1.
928 522 1183 562 desolare
1215 521 1322 574 quod
1353 523 1522 563 verbum
1557 521 1759 575 Virgilius
1796 523 1904 571 (aen.
1937 522 1994 564 xi
2028 524 2126 565 367.
2162 524 2265 575 870)
2304 523 2420 565 finxit
2452 536 2548 577 par-

287 600 419 652 ticipii
458 599 590 641 forma
630 611 654 639 a
691 596 927 650 posterioris
964 597 1161 650 temporis
1199 597 1465 651 scriptoribus
1498 610 1571 638 usu
1604 600 1813 652 receptum
1847 600 1929 647 est.
1969 612 2050 651 qua
2083 613 2124 640 re
2157 600 2316 641 Plinius
2349 599 2401 641 ad
2435 599 2547 640 Trai.

288 676 343 715 96
375 675 486 726 (97).
530 675 581 715 10
620 671 798 714 desolata
839 671 988 725 templa
1027 685 1075 713 ea
1113 685 1219 725 quae
1261 673 1487 716 cultoribus
1520 685 1650 715 vacua
1690 678 1784 714 sunt
1816 677 1857 714 et
1890 675 1942 714 IV
1979 676 2053 724 21,
2097 677 2122 712 3
2154 676 2378 716 desolatum
2407 676 2546 727 filium

287 750 388 792 (lixit
420 764 511 792 eum
544 748 609 802 qui
647 758 747 789 unus
779 759 825 789 ex
854 747 987 788 tribus
1019 748 1160 803 liberis
1192 751 1378 802 superest
1409 749 1656 802 domumque
1688 750 1875 802 pluribus
1902 751 2166 790 adminiculis
2188 752 2310 803 paulo
2333 755 2431 792 ante
2453 752 2548 791 fun-

287 827 431 869 datam
462 825 583 867 fulcit
617 837 664 865 ac
697 823 886 865 sustinet.
950 824 1007 864 sie
1041 807 1245 866 desolatus
1274 824 1427 877 legitur
1460 825 1569 879 apud
1601 826 1712 866 Suet.
1756 826 1845 866 (Bal.
1887 827 1935 865 12
1968 830 2008 866 et
2041 827 2138 866 Tac.
2174 839 2266 866 ann.
2302 828 2315 866 1
2350 829 2418 867 230.
2464 827 2542 867 ΧΠ

287 904 355 945 26.
391 902 485 943 XVI
518 902 587 942 30.
651 898 903 940 deterere
942 911 1012 952 pro
1049 898 1313 952 ‘depravare‘
1351 901 1457 942 inter
1488 903 1631 955 poetas
1665 901 1703 952 in
1738 902 1880 954 primis
1913 902 2111 942 Horatius
2145 904 2370 955 usurpavit.
2435 903 2545 956 apud

286 979 467 1020 Plinium
501 976 557 1018 IX
591 976 659 1022 535,
694 976 718 1015 2
752 974 852 1015 haec
885 974 1101 1028 leguntur:
1136 976 1266 1018 nimia
1298 990 1399 1019 eura
1432 978 1577 1018 ‹leterit
1607 980 1740 1031 mayis
1771 993 1895 1031 quoun
1928 979 2125 1019 emendat.
2189 979 2418 1020 dictare.
2458 980 2546 1020 dic.-

285 1054 401 1097 tandi
435 1053 556 1095 verbo
589 1051 786 1093 Horatius
818 1054 896 1092 sat.
932 1052 948 1091 Ῐ
981 1054 1020 1095 4.
1061 1053 1123 1091 10.
1157 1052 1275 1106 epist.
1313 1053 1349 1093 Π
1389 1055 1420 1094 1.
1461 1054 1539 1093 110
1572 1053 1632 1094 ita
1666 1057 1837 1107 usurpat
1871 1058 1914 1093 ut,
1946 1056 1996 1093 sit
2031 1055 2244 1095 ‘dictando
2275 1056 2543 1106 componere‘.

287 1131 479 1173 similiter
514 1129 670 1169 Plinius
705 1128 740 1168 ll
776 1129 850 1169 20.
898 1130 945 1169 14
990 1127 1039 1169 de
1073 1128 1220 1169 alienis
1250 1129 1515 1170 testamentis
1547 1129 1661 1170 dixit.
1728 1130 1954 1182 imperandi
1991 1132 2049 1170 vis
2083 1132 2213 1170 inesse
2248 1131 2286 1170 in
2320 1131 2392 1170 hoc
2425 1132 2545 1171 verbo

289 1207 449 1249 videtur
484 1207 497 1246 Ι
531 1208 570 1245 0.
605 1208 629 1243 (ἱ
663 1207 713 1245 cf.
749 1205 920 1255 Quintil.
959 1206 1011 1245 111
1049 1208 1088 1248 4.
1130 1207 1190 1245 12.
1254 1206 1542 1258 disponere
1577 1207 1626 1246 de
1659 1207 1737 1248 die.
1772 1208 1820 1247 de
1852 1212 2033 1260 tempore
2066 1209 2194 1249 otioso
2230 1209 2390 1248 Persius
2426 1208 2452 1246 V
2489 1209 2543 1247 43

286 1287 326 1325 et
358 1283 570 1325 Martialis·
606 1282 635 1321 V
663 1283 730 1322 2⁴».
755 1285 779 1319 :5
816 1282 873 1322 ita
911 1287 1207 1334 usurpaverunt
1242 1289 1281 1322 ut
1316 1283 1367 1323 sit
1400 1283 1499 1324 ‘otio
1531 1296 1601 1323 suo
1634 1288 1788 1325 certain
1814 1285 2120 1337 occupationem
2157 1284 2365 1325 tribuere‘.
2404 1284 2541 1324 eodem

286 1361 402 1401 modo
436 1360 510 1399 hac
546 1370 638 1398 voce
675 1371 768 1398 usus
801 1363 861 1398 cst
900 1358 1054 1398 Plinius
1090 1358 1141 1397 1⁸<
1177 1360 1243 1398 223.
1283 1359 1318 1399 l.
1371 1359 1420 1399 ΙΧ
1459 1361 1534 1400 236.
1584 1361 1614 1399 l.
1659 1363 1870 1412 praeterea
1918 1363 2040 1400 ritum
2075 1361 2317 1413 dispositam
2351 1360 2452 1401 dixit
2488 1360 2539 1400 ΙΙ]

291 1439 325 1478 1.
361 1439 398 1476 2.
432 1437 482 1476 cf.
517 1435 626 1476 Suet.
662 1435 751 1475 Tib.
794 1436 855 1475 ll.
891 1434 987 1475 Tac.
1023 1436 1159 1476 Germ.
1195 1437 1262 1475 30.
1297 1435 1388 1476 Seu.
1433 1436 1533 1477 dial.
1571 1435 1623 1476 ΧΙ
1662 1439 1699 1476 (ἱ.
1735 1438 1772 1476 4.
1838 1436 2110 1477 domitare
2142 1451 2162 1476 e
2200 1437 2437 1490 Vergiliano
2472 1449 2540 1477 usu

283 1516 438 1565 (georg.
474 1512 487 1551 1
522 1511 618 1551 285.
654 1524 742 1552 aen.
775 1511 844 1551 Vll
889 1512 985 1555 ma»
1020 1525 1038 1551 a
1079 1510 1208 1551 Plinio
1243 1524 1335 1564 pan.
1371 1513 1439 1553 81.
1475 1514 1497 1552 4
1534 1517 1742 1565 receptum
1777 1515 1850 1553 est.
1915 1513 1936 1552 d
1956 1526 2010 1553 ιιι·
2025 1530 2044 1552 ι·
2060 1526 2108 1552 r*-
2142 1526 2231 1552 no(¹
2246 1519 2346 1553 tem
2386 1513 2435 1553 Vl
2470 1515 2540 1556 31.

291 1590 338 1628 13
372 1601 441 1641 pro
473 1589 647 1628 ‘noctem
685 1599 806 1637 agere
840 1599 928 1626 cum
967 1586 1194 1639 reliquiae*
1228 1590 1314 1639 post
1343 1587 1461 1638 Verg.
1495 1601 1633 1639 georg.
1672 1589 1725 1628 111
1762 1589 1860 1628 370.
1896 1602 1985 1629 aen.
2024 1589 2054 1628 11
2092 1591 2189 1628 (341.
2227 1589 2276 1628 Π
2312 1591 2409 1628 560.
2447 1590 2540 1629 Hor.

283 1666 400 1717 epist.
438 1665 469 1704 ll
507 1666 545 1705 2.
570 1665 666 1704 202.
701 1665 752 1704 cs.
791 1646 925 1704 Bentl.
962 1664 1011 1704 ad
1051 1664 1144 1703 Hor.
1179 1665 1297 1717 epist.
1336 1664 1344 1704 Ι
1383 1666 1422 1713 2.
1447 1665 1515 1704 131.
1579 1665 1820 1705 eluctari
1860 1665 1950 1704 Vlll
1989 1670 2027 1705 8.
2054 1667 2077 1704 2
2110 1664 2212 1718 quod
2248 1666 2413 1706 verbum
2441 1664 2539 1706 Ver-

281 1740 407 1792 gilius
429 1739 617 1781 Lucanus
642 1739 830 1781 Valerius
863 1738 1035 1781 Flaccus
1068 1742 1109 1781 et
1142 1743 1231 1792 post
1265 1739 1424 1781 Livium
1460 1739 1592 1780 XXIV
1620 1742 1689 1782 26.
1731 1742 1778 1780 13
1813 1743 2036 1791 argenteae
2068 1741 2295 1781 latinitatis
2327 1741 2542 1793 scriptores

283 1817 543 1869 usurparunt.
607 1816 664 1857 sic
690 1815 840 1865 Livius,
872 1815 939 1868 qui
963 1815 1155 1869 quoniam
1179 1816 1407 1857 orationem
1444 1816 1595 1856 inflexit
1619 1817 1735 1869 quasi
1769 1816 1973 1869 quendam
1998 1817 2221 1856 transitum
2245 1818 2295 1856 ad
2321 1820 2540 1869 argenteae

283 1891 508 1933 latinitatis
540 1892 743 1933 rationem
777 1891 876 1932 mihi
901 1891 1063 1932 videtur
1085 1904 1266 1944 parasse.
1300 1905 1421 1945 saepe
1455 1895 1668 1944 poctarum
1700 1905 1850 1932 morem
1886 1896 2050 1932 secutus
2084 1893 2318 1944 posterioris
2349 1894 2541 1944 temporis

282 1968 546 2022 scriptoribus
583 1971 800 2021 tamquam
841 1968 1068 2021 exemplum
1117 1968 1166 2008 ad
1208 1968 1457 2009 imitandum
1498 1968 1726 2021 propositus
1758 1982 1844 2009 esse
1877 1968 1955 2008 dici
1997 1970 2150 2020 potest.
2183 1970 2401 2021 postquam
2432 1969 2537 2010 enim

284 2044 331 2094 is,
367 2047 409 2085 ut
441 2045 669 2098 exemplum
705 2044 902 2087 adferam.
942 2046 1080 2085 eniti
1116 2058 1185 2097 pro
1217 2053 1398 2098 ‘parere‚
1439 2049 1558 2098 partu
1593 2045 1632 2083 in
1668 2045 1796 2085 lucem
1838 2044 1974 2086 edere*
2011 2058 2101 2085 cum
2143 2045 2273 2097 poetis
2316 2044 2539 2098 usurpavit.

281 2120 389 2173 apud
409 2121 589 2162 Plinium
624 2122 679 2161 lV
713 2123 781 2171 21,
821 2124 832 2161 1
874 2128 1046 2175 utraque
1074 2123 1211 2174 filiam
1241 2124 1366 2163 «mima
1397 2122 1563 2162 ‹Im-ussit
1597 2121 1784 2174 legimus.
1849 2121 1975 2162 etiam
2010 2134 2336 2174 exasperare
2373 2120 2463 2162 Vll]
2505 2122 2537 2162 1.

281 2198 305 2236 2
339 2199 380 2239 et
418 2211 702 2239 excurrere
744 2210 815 2250 pro
857 2198 1079 2251 ‘protendi'
1120 2198 1154 2237 Π
1197 2198 1257 2245 17,
1292 2199 1315 2235 5
1350 2201 1439 2250 post
1473 2197 1665 2238 Ovidium
1699 2200 1740 2236 et
1775 2197 1933 2237 Livium
1968 2210 2104 2238 eorum
2139 2197 2206 2250 qui
2241 2200 2328 2250 post
2362 2197 2536 2251 Augusti

279 2276 464 2327 tempora
497 2275 747 2328 scripserunt
779 2288 853 2315 usu
885 2275 1077 2316 videntur
1110 2277 1274 2327 recepta
1307 2288 1406 2315 esse.
1473 2288 1588 2314 esse
1629 2274 1676 2313 in
1718 2274 1896 2325 pretio
1936 2274 1960 2314 i.
1994 2288 2032 2326 q.
2067 2273 2289 2326 pretiosum
2323 2286 2409 2315 esse
2441 2272 2533 2315 VIll

286 2350 347 2397 14.
383 2350 405 2388 7
440 2353 529 2402 post
561 2351 678 2390 Ovid.
714 2352 809 2391 fast.
848 2352 875 2389 V
903 2353 971 2391 58.
1036 2364 1314 2391 exarmare
1349 2351 1759 2391 accusationem
1797 2364 1864 2402 pro
1897 2350 2083 2391 ‘remotis
2105 2350 2281 2391 testibus
2313 2350 2538 2391 infirmare·

277 2425 339 2466 Π1
370 2427 409 2475 9,
433 2427 510 2474 29ς
545 2439 617 2468 vox
648 2427 779 2480 poetis
811 2427 877 2480 qui
914 2429 1002 2480 post
1027 2427 1260 2480 Augustum
1294 2428 1460 2468 fuerunt
1493 2425 1712 2467 admodum
1747 2428 1959 2479 usurpata.
2024 2429 2274 2467 excutere
2305 2427 2531 2466 mentem

279 2501 304 2540 i.
338 2514 375 2552 q.
409 2503 574 2551 terrere,
608 2505 849 2555 perturbare
884 2504 897 2543 1
936 2503 1002 2552 18,
1026 2505 1051 2540 3
1084 2504 1135 2543 cf.
1173 2502 1322 2544 Lucan.
1356 2502 1409 2542 lV
1437 2504 1477 2544 ἴ).
1502 2503 1570 2541 30.
1605 2502 1676 2542 Sil.
1704 2502 1736 2541 Ι1
1764 2503 1861 2541 502.
1897 2501 2002 2542 Stat.
2037 2502 2162 2541 Theb.
2200 2501 2333 2541 11193
2365 2515 2535 2542 excussa

279 2590 398 2618 mens.
463 2592 711 2620 exercere
751 2580 799 2620 de
839 2580 1020 2619 colendis
1061 2580 1174 2630 agris
1216 2580 1226 2616 1
1264 2580 1338 2619 20,
1387 2580 1447 2616 lii.
1501 2577 1571 2616 Vll
1615 2578 1684 2616 18.
1725 2580 1749 2615 :3
1791 2580 1831 2617 ut
1871 2578 2074 2627 Vergilius
2115 2590 2236 2628 saepe
2269 2576 2430 2618 locutus
2462 2580 2538 2617 est.

277 2653 494 2704 exigere
537 2658 746 2708 tempus
789 2667 860 2708 pro
892 2661 1032 2705 ‘agere
1073 2656 1253 2707 tempus*
1288 2656 1340 2693 111
1385 2657 1417 2695 1.
1460 2656 1492 2693 1.
1546 2655 1594 2693 Vl
1632 2656 1701 2696 20,
1742 2656 1805 2694 lo.
1840 2656 1908 2695 231.
1942 2659 1981 2693 ὲ).
2034 2653 2102 2693 Vll
2139 2655 2178 2694 5.
2221 2654 2251 2694 1.
2304 2651 2357 2694 [Χ
2392 2653 2463 2702 40,
2504 2653 2536 2694 l.

278 2729 349 2770 hoc
375 2730 539 2771 verbum
565 2732 603 2771 in
630 2744 700 2772 usu
726 2734 935 2785 poetarum
968 2744 1054 2771 esse
1087 2733 1261 2772 constat.
1326 2731 1473 2771 exire
1506 2731 1697 2770 dicuntur
1729 2743 1777 2770 ea
1810 2743 1914 2782 quae
1947 2729 2229 2774 extenduntur,
2263 2729 2538 2782 proferuntur.

282 2808 325 2846 ut
360 2806 393 2846 ll
435 2807 503 2848 ll.
550 2809 598 2848 18
641 2811 679 2850 iot
720 2811 882 2850 {enimn
917 2824 1073 2850 (uncum
1102 2809 1358 2861 demtiones
1389 2809 1588 2848 usim-unt.
1652 2820 1806 2848 exora
1825 2820 1873 2846 re
1912 2807 1937 2846 i.
1972 2821 2009 2858 q.
2046 2805 2230 2858 placare.
2272 2807 2537 2848 reconcilian¹

278 2881 313 2922 [i
338 2882 377 2931 2,
403 2883 440 2923 2.
475 2883 514 2933 5,
539 2888 577 2924 (ἰ.
611 2885 678 2938 qui
705 2897 799 2926 usus
823 2885 933 2927 verbi
960 2886 1012 2927 ab
1035 2884 1180 2926 Ovidio
1202 2885 1311 2925 trist.
1336 2884 1372 2924 ll
1403 2886 1437 2925 l.
1463 2885 1531 2924 22.
1554 2884 1613 2924 111
1643 2885 1707 2926 13.
1732 2886 1785 2924 23
1809 2888 1846 2922 et
1875 2883 2036 2923 Valerio
2063 2883 2210 2924 Flacco
2246 2884 2257 2923 Ι
2291 2885 2368 2924 155
2392 2883 2540 2925 ductu>v

275 2961 350 3000 est.
415 2962 694 3013 exspirare
728 2962 909 3013 eleganti
946 2962 1185 3014 metaphora
1223 2963 1275 3002 ab
1310 2962 1358 3001 iis
1390 2961 1610 3014 desumpta
1643 2963 1725 3014 qui.
1759 2965 1802 3001 ut
1835 2961 1894 3002 ait
1927 2961 1970 3001 (ἵ.
1994 2961 2043 3001 G.
2079 2961 2346 3011 Schwarzius‚
2380 2961 2533 3003 acutis-

275 3036 402 3076 simus
440 3036 511 3078 ille
549 3039 785 3092 panegyrici
824 3039 1004 3079 Pliniani
1047 3037 1210 3087 vindex,
1250 3038 1325 3079 sub
1363 3038 1590 3080 transitum
1632 3038 1682 3079 ad
1722 3042 1892 3078 mortem
1933 3042 2060 3089 agunt
2097 3038 2301 3087 animam,
2345 3052 2370 3080 a
2402 3037 2536 3078 Plinio

274 3114 486 3166 poetarum
520 3113 659 3169 (Verg.
700 3127 788 3156 aen.
829 3114 866 3155 X
907 3115 1004 3154 731.
1048 3114 1142 3154 Hor.
1195 3114 1309 3168 epod.
1352 3114 1383 3154 V
1419 3115 1493 3166 91)
1533 3128 1648 3155 usum
1693 3116 1829 3154 secuto
1877 3113 1926 3154 (le
1965 3114 2144 3166 proxime
2176 3113 2393 3156 interituro
2426 3116 2534 3156 statu

274 3189 429 3229 liberae
461 3190 519 3228 rei
551 3191 741 3241 publicae
773 3191 929 3231 dictum
962 3193 1023 3231 est
1054 3203 1150 3243 pan.
1184 3191 1254 3233 57.
1288 3193 1313 3231 4
1345 3193 1583 3244 ‹aspira-m
1615 3192 1696 3231 iam
1731 3190 1924 3231 libertate.
1989 3190 2117 3231 simili
2150 3190 2392 3244 metaphora
2415 3190 2536 3231 Taci-

273 3268 361 3306 tum
406 3276 499 3305 ann.
542 3265 559 3304 l
605 3267 657 3306 74
701 3267 919 3308 mambae!
959 3266 1081 3307 etiam
1126 3269 1212 3308 tum
1254 3268 1422 3320 veseima
1468 3266 1674 3308 morientis
1714 3264 1916 3307 lilnertatis
1960 3278 2074 3307 usum
2119 3278 2206 3307 esse
2249 3267 2366 3306 docet
2408 3266 2449 3304 C.
2484 3268 2534 3303 (ὶ.

2255 3343 2274 3372 :5
