2865 3681
220 421 247 446 Ι

1370 277 1542 339 ἰδίῃ-

267 420 497 473 usurpatur.
560 420 784 472 captare
817 429 889 457 usu
912 416 1073 471 vulgari
1104 430 1177 470 pro
1209 416 1407 458 ‘studiose
1438 417 1651 470 quaerere'
1683 430 1774 471 pan.
1805 420 1846 468 4,
1871 418 1896 458 5
1928 418 2186 459 humanitate
2215 430 2409 466 amorem,
2442 420 2523 459 ter—

267 508 358 537 rore
376 495 656 543 reverentiam,
690 494 761 542 91,
785 494 810 533 2
831 493 1215 534 commendationem
1235 492 1435 542 beneficiis
1454 494 1542 535 suv’s
1563 508 1614 534 ex
1633 493 1889 546 difficultate,
1922 493 1994 535 sed
2024 493 2074 535 de
2104 493 2156 535 iis
2176 492 2246 546 qui
2268 504 2383 534 senes
2404 492 2530 534 orbos

268 572 475 613 sectantur
504 570 626 625 atque
657 568 768 610 omni
799 568 1035 611 adulatione
1066 570 1366 622 prosequuntur
1406 570 1451 609 ut
1494 581 1633 610 eorum
1675 568 1926 611 hereditates
1966 569 2153 622 capiant,
2196 568 2246 611 de
2278 566 2529 622 heredipetis

268 647 396 702 igitur
426 659 525 702 quos
561 647 715 695 dicunt,
749 658 773 685 a
802 645 935 699 primo
967 645 1140 686 Horatio
1174 647 1250 687 sat.
1285 645 1326 686 II
1359 646 1403 694 5,
1448 647 1516 686 23.
1558 647 1612 687 57
1652 645 1810 686 dictum
1840 647 1925 695 est,
1968 658 2087 698 quem
2119 644 2277 687 Plinius
2309 643 2351 686 II
2382 644 2454 695 20,
2491 643 2530 686 7.
2555 696 2568 702 ἢ

268 723 326 766 IV
360 726 397 771 2.
432 726 470 767 2.
517 723 620 765 VIII
656 724 722 772 18,
757 724 782 763 2
813 723 1001 763 imitatus
1032 725 1107 763 est.
1170 735 1363 763 cavare
1401 724 1568 775 excepto
1609 735 1686 765 uuo
1724 722 1812 764 loco
1844 721 1951 763 Livii
1984 720 2084 763 XXI
2116 722 2186 772 26,
2219 721 2245 763 8
2277 719 2385 775 apud
2418 718 2531 763 solos

267 805 409 857 poetas
439 802 606 857 legitur,
639 812 739 853 quos
770 799 930 841 Plinius
962 801 1124 841 secutus
1156 802 1218 841 est
1253 799 1289 838 V
1312 801 1351 849 6,
1376 801 1444 841 36.
1500 799 1600 840 VIII
1629 799 1699 849 20,
1724 801 1763 841 4.
1826 800 2041 841 certare
2073 799 2179 852 quod
2201 798 2369 840 verbum
2384 796 2526 841 Grae·

268 891 408 921 corum
439 890 551 920 more
582 889 607 917 a
638 877 849 930 poetisw)
880 890 973 917 cum
995 890 1088 918 casu
1113 877 1236 918 dandi
1259 877 1516 918 coniunctum
1550 878 1626 926 est,
1662 876 1768 930 apud
1802 876 1983 918 Plinium
2015 890 2039 918 a
2070 875 2275 918 communi
2306 888 2378 917 usu
2412 887 2529 918 rece-

268 956 433 998 dentem
463 955 617 1009 legitur
638 953 740 993 VIII
772 955 812 1003 8,
845 956 872 993 4
902 955 1016 1005 rv'yor
1046 969 1178 1007 armac
1207 955 1421 995 certaverit
1450 955 1623 995 nivibus.
1686 954 1736 995 de
1768 953 1888 995 huius
1916 953 2028 995 verbi
2059 966 2151 995 cum
2182 952 2385 995 infinitivo
2417 952 2528 995 stru-

270 1033 386 1073 ctura
407 1045 445 1085 p.
472 1031 526 1072 10
547 1028 818 1082 exposuimus.
881 1041 1092 1070 cessare
1123 1042 1147 1070 a
1180 1029 1310 1082 poetis
1341 1030 1532 1071 dicuntur
1562 1042 1610 1071 ea
1642 1042 1742 1082 quae
1776 1031 1937 1079 vacant,
1972 1029 2075 1071 nihil
2106 1031 2250 1083 agunt,
2283 1028 2428 1070 desunt
2458 1028 2526 1069 vel

270 1108 431 1158 absunt,
463 1117 542 1160 qua
572 1117 614 1145 re
648 1103 807 1145 Plinius
837 1104 938 1145 dixit
970 1104 1011 1145 II
1041 1106 1088 1153 4,
1127 1107 1153 1145 3
1194 1106 1301 1157 qnod
1336 1111 1462 1147 cessat
1498 1120 1548 1146 ex
1583 1106 1719 1147 reditu
1746 1106 1994 1158 frugalitate
2022 1106 2253 1158 suppletur,
2297 1103 2362 1145 III
2395 1105 2464 1151 17,
2500 1105 2521 1144 1

269 1184 518 1235 iampridem
538 1180 738 1233 epistulae
757 1185 851 1221 tuae
870 1186 1038 1223 cessant.
1063 1180 1121 1220 VI
1144 1182 1212 1228 34,
1238 1183 1263 1221 3
1294 1182 1385 1223 Meet
1414 1184 1658 1223 cessaverint
1679 1182 1778 1223 illae
1798 1181 2053 1234 (Africanae)
2075 1184 2306 1234 tempestate
2332 1180 2523 1231 detentae,

268 1259 320 1301 ad
340 1258 449 1299 Trai.
497 1258 550 1299 39
573 1256 680 1309 (48),
710 1258 736 1297 3
763 1260 941 1297 cessante
965 1270 1007 1297 eo
1028 1255 1134 1309 qaod
1159 1260 1254 1297 anto
1273 1256 1557 1310 erayendum
1584 1261 1655 1308 est,
1689 1269 1779 1310 pan.
1813 1258 1883 1308 31,
1909 1258 1933 1298 5
1964 1261 2185 1299 cessantem
2208 1256 2370 1298 Nilum.
2419 1253 2523 1297 oir-

268 1334 534 1376 cumferre
577 1331 763 1374 oculos
805 1332 823 1372 I
859 1334 925 1382 12,
961 1336 998 1372 8.
1048 1331 1104 1372 IV
1143 1335 1208 1382 15,
1244 1334 1281 1373 8.
1332 1331 1390 1374 IX
1424 1334 1490 1382 11,
1529 1335 1564 1374 l.
1613 1347 1705 1386 pan.
1747 1335 1791 1382 7,
1827 1335 1851 1374 5
1895 1346 1919 1374 a
1950 1333 2085 1374 Plinio
2129 1334 2219 1385 post
2259 1330 2378 1373 Ovid.
2420 1332 2521 1389 met.
2572 1335 2575 1338 '

268 1410 328 1451 VI
360 1411 455 1452 169.
508 1407 585 1449 XV
617 1408 701 1450 673
744 1409 982 1460 usurpatum
1024 1409 1098 1449 est.
1160 1409 1422 1462 cogitare.
1484 1409 1691 1463 cogitandi
1727 1410 1893 1451 verbum
1934 1409 2093 1450 Plinius
2134 1409 2193 1449 ita
2234 1407 2444 1462 usurpavit
2473 1408 2521 1448 ut

266 1487 543 1529 accusativum
585 1498 779 1539 personae
822 1484 932 1538 sequi
972 1485 1134 1527 iubeat:
1167 1485 1202 1525 V
1236 1486 1275 1533 5,
1310 1488 1335 1527 4
1372 1487 1442 1540 qui
1474 1490 1656 1539 posteros
1692 1487 1867 1541 eoyitnnt
1905 1487 1931 1528 i.
1965 1499 1998 1527 e.
2030 1486 2139 1528 inter
2169 1487 2352 1539 posteros
2383 1484 2520 1527 vivere

265 1564 444 1618 cupiunt.
507 1563 612 1605 hanc
643 1562 803 1605 dicendi
833 1562 1037 1604 rationem
1067 1561 1150 1604 fere
1182 1562 1383 1616 poeticam
1414 1562 1598 1613 dixerim,
1632 1563 1817 1616 quamvis
1849 1562 1984 1605 locum
2016 1575 2036 1604 e
2068 1563 2282 1617 poetarum
2302 1561 2421 1604 libris
2441 1561 2517 1603 de-

265 1642 471 1693 sumptum
503 1640 662 1681 adferre
694 1653 904 1692 nequeam.
968 1639 1111 1680 coire
1144 1640 1193 1680 in
1227 1639 1363 1681 lites
1395 1639 1432 1679 V
1464 1641 1531 1688 14,
1563 1641 1588 1680 6
1621 1639 1779 1682 Plinius
1810 1642 2024 1693 poetarum
2055 1652 2167 1681 more
2197 1639 2357 1681 locutus
2388 1638 2463 1691 est,
2495 1650 2520 1680 a

264 1716 409 1768 quibus
439 1714 544 1757 illud
574 1714 743 1757 verbum
774 1714 822 1757 de
854 1727 1070 1769 congressu
1101 1714 1372 1769 pugnantium
1405 1716 1623 1769 usurpatur
1654 1716 1717 1769 (ut
1748 1727 1772 1756 a
1803 1715 1925 1770 Verg.
1959 1727 2046 1757 aen.
2082 1715 2160 1757 XII
2193 1716 2311 1768 708).
2373 1715 2442 1754 sed
2471 1725 2519 1755 eo

264 1804 383 1846 quem
413 1791 728 1834 commemoravi
756 1791 845 1833 loco
870 1790 1154 1846 Vergilianum
1185 1791 1290 1833 illud
1319 1803 1407 1833 aen.
1442 1791 1501 1832 XI
1525 1793 1608 1834 292
1641 1797 1777 1834 cocant
1806 1794 1849 1834 in
1879 1793 2044 1845 foedera
2077 1791 2179 1832 mihi
2202 1791 2362 1832 videtur
2383 1790 2519 1831 Plinio

264 1868 525 1909 obversatum
562 1880 662 1909 esse.
724 1868 867 1909 deinde
910 1881 1001 1909 cum
1044 1867 1212 1909 coeundi
1255 1868 1421 1909 verbum
1465 1870 1609 1921 poetae
1648 1869 1944 1921 scriptoresque
1984 1868 2229 1921 posteriores
2260 1866 2436 1908 dixerint
2466 1866 2516 1908 de

264 1943 430 1985 vulnere
466 1943 571 1996 quod
608 1943 812 1986 clauditur
841 1943 1031 1997 cuiusque
1064 1955 1223 1984 summa
1254 1943 1371 1984 labra
1402 1943 1720 1998 coniunguntur,
1765 1944 1924 1985 Plinius
1956 1944 2057 1984 dixit
2088 1944 2129 1983 II
2167 1946 2203 1994 1,
2240 1944 2264 1983 5
2296 1956 2515 1996 coxamque

261 2021 386 2074 freyit
415 2035 518 2074 qmw
549 2055 558 2063 .
593 2055 601 2063 .
634 2020 741 2062 mule
770 2021 875 2063 coiit.
908 2019 959 2062 of.
992 2019 1176 2073 Propert.
1210 2019 1285 2062 IIIv
1306 2022 1375 2064 24.
1417 2019 1478 2061 l8.
1528 2019 1644 2061 Ovid.
1677 2020 1788 2062 trist.
1821 2020 1884 2061 III
1918 2022 1957 2071 2,
1991 2022 2031 2060 9.
2081 2020 2134 2061 lV
2170 2022 2210 2066 4,
2246 2020 2312 2061 10.
2375 2030 2517 2061 com—

264 2108 485 2148 pescere
526 2109 573 2137 ex
605 2097 817 2149 poetarum
858 2096 900 2137 in
941 2096 1083 2150 primis
1115 2096 1293 2150 Augusti
1335 2097 1530 2150 temporis
1575 2097 1864 2138 cousuetudine
1903 2110 1926 2138 a
1968 2097 2234 2150 scriptoribus
2276 2096 2515 2148 posterioris

263 2171 412 2213 aetatis
442 2185 515 2213 usu
546 2173 754 2225 receptum
776 2173 860 2214 est:
892 2172 944 2214 ad
965 2172 1074 2213 Trai.
1108 2174 1163 2214 33
1187 2172 1291 2227 (42),
1315 2174 1340 2213 2
1373 2172 1430 2213 ml
1455 2173 1645 2215 incendia
1666 2173 1963 2225 compescenda,
1996 2185 2088 2227 pan.
2115 2174 2184 2220 56,
2208 2173 2231 2213 7
2255 2172 2528 2225 hostilemque,

262 2252 454 2290 terrorem
493 2262 572 2291 non
613 2263 825 2292 armorum
855 2250 989 2303 nmqesss
1019 2262 1143 2303 qnam
1175 2254 1358 2303 togyamm
1401 2249 1661 2290 ostentatione
1689 2262 1944 2302 compescere,
1987 2249 2041 2291 ib.
2078 2251 2146 2298 80,
2181 2252 2206 2289 3
2239 2252 2509 2301 tumentesque

262 2323 434 2376 populos
462 2339 538 2367 non
570 2325 744 2378 inaperta
775 2326 909 2380 ψηφὶς
929 2339 1054 2379 quam
1074 2326 1233 2368 ratione
1252 2338 1504 2378 compescere.
1569 2337 1898 2380 componere.
1932 2338 2024 2367 cum
2046 2325 2233 2378 componi
2254 2336 2302 2365 ea
2323 2324 2512 2364 dicantur

264 2412 365 2452 quae
396 2412 547 2455 magna
577 2413 670 2443 cum
701 2400 918 2455 diligentia
949 2401 990 2444 in
1022 2401 1205 2445 ordinem
1236 2402 1504 2456 disponuntur
1536 2403 1581 2443 ut
1612 2402 1744 2443 crines
1766 2404 1899 2457 togae,
1935 2402 2090 2442 Plinius
2116 2402 2171 2441 IV
2199 2403 2263 2448 11,
2288 2404 2312 2439 :3
2346 2400 2513 2452 scripsit

262 2474 315 2517 ad
345 2474 577 2519 Cornelium
599 2477 889 2520 Minicianum:
920 2484 1135 2533 postquam
1165 2493 1207 2521 se
1235 2480 1455 2532 ‹mmposuit
1484 2480 1850 2533 circumspexitque
1879 2481 2062 2519 habitum
2093 2492 2226 2528 suum,
2261 2477 2347 2516 sine
2389 2476 2517 2516 dubio

384 2658 426 2702 ¹⁶)
451 2658 769 2705 Frequentissimus
793 2663 846 2693 est
871 2660 974 2693 huius
1000 2660 1094 2692 verbi
1121 2671 1202 2693 usus
1227 2660 1318 2703 apud
1345 2662 1475 2703 poetas,
1502 2670 1586 2702 quos
1604 2658 1816 2693 Graecorum
1834 2659 2120 2693 consuetudinem
2146 2659 2305 2693 imitat-os
2331 2670 2405 2693 esse
2430 2669 2512 2693 oon-

262 2716 345 2748 stat.
394 2727 473 2749 cum
505 2718 610 2751 tertio
641 2719 734 2751 enim
766 2729 848 2751 casu
878 2719 1104 2751 coniunctum
1129 2719 1285 2752 certandi
1310 2720 1453 2752 verbum
1480 2718 1635 2752 invenies
1665 2716 1756 2760 apud
1781 2715 1882 2750 Ovid.
1910 2718 1991 2752 met.
2018 2716 2101 2751 XIV
2127 2716 2206 2751 794.
2264 2717 2368 2760 Verg.
2393 2727 2513 2761 georg.

262 2774 296 2806 11
320 2774 376 2807 99.
405 2775 483 2810 137.
509 2775 572 2810 ecl.
598 2778 629 2810 V
655 2777 686 2811 8.
730 2776 813 2811 VIII
838 2777 894 2812 54.
944 2776 1028 2813 Hor.
1054 2775 1109 2813 od.
1134 2775 1168 2811 ΙΙ
1193 2776 1226 2817 6,
1255 2776 1308 2813 15.
1358 2775 1456 2821 epod.
1482 2775 1516 2811 II
1542 2775 1597 2811 20.
1647 2774 1693 2810 Xl
1719 2775 1773 2810 18.
1821 2777 1887 2811 sat.
1913 2773 1946 2809 ll
1984 2774 2017 2815 3,
2042 2774 2123 2810 313.
2174 2776 2207 2818 5,
2249 2775 2302 2812 19.
2354 2775 2512 2821 Propert.

262 2830 295 2864 ΙΙ
319 2831 352 2871 3,
378 2830 434 2867 21.
483 2831 543 2867 sed
567 2844 634 2877 quo
660 2834 800 2870 facilius
823 2835 1051 2878 cognoscatur
1082 2844 1188 2878 quam
1221 2834 1318 2868 varia
1350 2844 1390 2869 ac
1415 2834 1601 2878 multiplex
1628 2835 1675 2867 sit
1700 2834 1835 2867 dicendi
1867 2834 1956 2866 ratio
1988 2834 2100 2876 poetis
2135 2836 2284 2867 maxime
2310 2834 2509 2873 familiaris,

261 2896 319 2923 eas
342 2887 535 2924 locutiones
559 2890 694 2926 adferre
719 2891 818 2932 libet,
844 2902 941 2936 quas,
967 2893 1130 2937 quoniam
1155 2893 1190 2924 in
1218 2893 1260 2924 iis
1286 2893 1377 2925 inest
1403 2893 1559 2924 certandi
1586 2893 1647 2928 vis.
1668 2893 1841 2931 Vergilius
1859 2892 2108 2933 praeeuntibus
2126 2893 2338 2926 Graecorum
2363 2893 2511 2935 scripto-

260 2946 357 2978 ribus
389 2956 497 2990 aequc
520 2950 626 2991 atque
658 2950 695 2982 id
720 2952 864 2983 verbum
898 2961 919 2983 a
949 2962 1016 2993 quo
1049 2951 1196 2992 profecti
1222 2962 1342 2984 sumus
1375 2962 1453 2984 cum
1480 2951 1598 2984 dativo
1623 2950 1811 2984 coniunxit.
1861 2952 1944 2984 sunt
1981 2953 2100 2985 autem
2133 2949 2216 2985 hae:
2265 2961 2341 2986 aen.
2373 2948 2441 2985 XII
2465 2949 2512 2986 60

262 3005 412 3044 „desiste
437 3017 608 3041 manum
633 3008 914 3043 committere
940 3007 1115 3050 Teucris'',
1151 3007 1166 3043 I
1190 3008 1259 3043 493
1293 3007 1488 3054 „audetque
1514 3007 1598 3043 viris
1631 3016 1885 3044 concurrere
1910 3007 2043 3053 virg0''‚
2076 3008 2107 3043 X
2133 3008 2154 3043 8
2179 3009 2392 3050 „abnueram
2417 3007 2512 3042 bello

261 3061 402 3098 Italiam
426 3073 689 3101 concurrere
714 3066 891 3108 Teucris'',
917 3066 983 3102 XII
1000 3067 1069 3102 678
1096 3068 1192 3107 „stat
1216 3059 1423 3102 conferre
1449 3077 1622 3102 manum
1648 3067 1817 3107 Aeneae·‘,
1843 3067 1858 3099 1
1885 3068 1953 3099 475
1980 3067 2126 3107 „infelix
2152 3079 2238 3111 puer
2262 3071 2367 3111 atque
2394 3069 2508 3110 impar

260 3131 524 3166 congressus
549 3121 680 3160 Achilli
690 3125 720 3166 ”,
753 3126 786 3161 V
803 3125 871 3160 809
897 3125 1063 3167 „Pelidae
1088 3127 1172 3161 tunc
1200 3136 1263 3171 ego
1289 3125 1372 3159 forti
1396 3136 1689 3167 congressum
1715 3126 1889 3161 Aenean''.
1917 3126 2019 3159 1488
2045 3137 2103 3165 „se
2129 3137 2264 3169 quoque
2291 3126 2506 3169 principibus

261 3180 523 3226 permixtum
554 3182 724 3226 adgnovit
757 3185 941 3225 Achivis'',
980 3185 1028 3218 IV
1053 3186 1098 3218 38
1129 3185 1327 3229 „placitone
1361 3184 1467 3219 etiarn
1501 3184 1730 3228 pugnabis
1760 3183 1922 3218 amori?''
1965 3185 2015 3219 XI
2048 3186 2115 3219 600
2142 3184 2297 3229 „pressis
2329 3186 2501 3229 pugnat

259 3240 438 3275 habenis”.
