2865 3681
1302 317 1568 388 “2⁵—

310 466 432 520 Verg.
462 478 601 520 georg.
633 464 652 506 I
683 464 781 505 302.
814 476 902 505 aen.
934 462 992 504 VI
1020 464 1089 505 29.
1151 465 1432 507 resorbere
1464 464 1521 506 IV
1553 465 1621 512 30,
1657 464 1694 507 7.
1730 465 1784 507 VI
1818 466 1885 515 20,
1919 466 1968 516 9;
2001 466 2050 507 c-f.
2085 466 2205 521 Verg.
2238 480 2326 510 aen.
2362 466 2419 510 XI
2451 466 2552 509 627.

310 536 407 580 Hor.
439 536 503 580 od.
536 535 576 578 Π
610 535 648 585 7,
686 535 750 576 15.
812 533 1084 577 resultare
1116 536 1327 590 poetarum
1357 548 1467 578 more
1498 535 1639 591 (Verg.
1670 548 1808 592 georg.
1842 534 1899 578 IV
1921 536 1989 577 50.
2022 547 2111 578 aen.
2145 535 2179 577 V
2206 535 2298 579 150.
2331 536 2430 580 VIII
2450 538 2551 589 305,

308 608 453 662 quibus
483 606 682 660 subiungo
714 604 817 647 Stat.
850 605 977 648 Theb.
1009 605 1049 648 II
1083 606 1179 648 714.
1222 605 1403 649 Martial.
1435 606 1493 647 IX
1527 608 1601 657 09.
1635 607 1677 661 5)
1715 605 1873 649 Plinius
1905 606 1953 649 de
1985 605 2083 649 locis
2114 619 2256 649 sonum
2287 607 2551 652 reddentibus

309 678 410 724 dixit
439 690 539 737 pan..
566 677 633 728 73,
671 676 690 718 1
722 675 963 721 resultantia
996 678 1153 722 vocibus
1184 682 1295 731 tecta,
1334 679 1381 720 ut
1412 677 1506 721 Tac.
1540 689 1631 720 ann.
1666 677 1686 720 I
1716 678 1783 720 65.
1818 677 1921 720 Plin.
1956 690 1994 719 n.
2028 677 2067 720 h.
2100 677 2141 720 Π
2173 678 2241 730 80,
2274 679 2342 722 82.
2389 679 2448 723 XI
2483 681 2549 732 19,

310 752 377 794 21.
438 760 706 794 resumere
738 759 808 803 pro
839 748 1005 791 ‘iterum
1037 749 1213 792 sumere'
1244 748 1402 791 Plinius
1433 761 1494 804 ep.
1527 750 1564 789 V
1595 751 1634 798 5,
1673 750 1736 790 12.
1771 749 1846 790 VII
1877 752 1917 798 9,
1951 750 1990 790 6.
2023 762 2115 804 pan.
2149 751 2218 800 61,
2243 750 2280 790 8.
2315 752 2383 800 66,
2408 753 2445 792 2.
2480 752 2548 801 79,

310 823 333 863 5
366 833 457 863 cum
489 820 618 874 poetis
649 820 713 871 (ut
742 818 859 859 Ovid.
890 820 988 861 met.
1033 818 1097 876 IX,
1129 820 1220 860 192.
1255 820 1351 859 525.
1385 831 1465 861 3111.
1498 819 1537 859 ΙΙ
1574 821 1608 867 1,
1643 820 1714 873 21)
1753 820 1864 861 dixit.
1904 819 1975 861 sed
2006 819 2077 861 alii
2109 833 2265 873 quoque
2297 821 2402 862 hunc
2433 835 2551 864 usum

308 892 435 934 secuti
466 892 574 938 sunt,
605 890 651 930 111
682 888 794 930 Suet.
826 889 933 942 Aug.
970 889 1036 929 78.
1069 887 1154 930 Cal.
1187 891 1254 929 30.
1290 889 1385 931 Ner.
1419 891 1487 930 41.
1522 889 1604 930 Vit.
1644 891 1706 929 15.
1740 888 1907 940 Quintil.
1948 889 1984 930 X
2023 891 2058 939 1,
2092 891 2160 931 20.
2195 891 2234 940 3,
2268 891 2293 931 4
2326 890 2419 933 Tac.
2452 892 2547 934 hist.

307 962 348 1003 II
378 964 447 1004 44.
478 960 535 1002 IV
569 960 636 1001 76.
697 971 938 1012 rumpere
978 972 1147 1001 moras
1180 960 1217 1000 V
1254 962 1302 1001 10
1334 961 1438 1012 (11),
1472 961 1497 1001 2
1529 961 1575 1001 111
1605 960 1713 1014 apud
1744 960 1866 1016 Verg.
1898 973 2035 1015 georg.
2069 959 2129 1001 [H
2162 962 2232 1001 43.
2266 974 2354 1003 3011.
2387 961 2444 1003 IX
2481 963 2547 1005 13.

308 1033 511 1074 saltare
549 1030 574 1071 i.
609 1044 645 1082 q.
680 1042 771 1070 011111
812 1031 930 1083 gestu
962 1030 1134 1072 recitare
1176 1030 1233 1071 IX
1266 1033 1339 1080 34,
1380 1033 1418 1072 2.
1461 1044 1553 1084 pan.
1587 1033 1655 1080 54,
1694 1033 1711 1072 l
1747 1034 1793 1074 ut
1823 1034 1885 1074 est
1915 1030 2023 1086 apud
2054 1030 2172 1073 Ovid.
2205 1044 2304 1074 rem.
2337 1045 2415 1074 am.
2451 1032 2546 1075 755.

307 1104 414 1145 trist.
449 1102 482 1143 V
516 1101 553 1150 7,
588 1101 655 1141 25.
718 1099 958 1142 scribere
1001 1099 1027 1141 i.
1070 1114 1108 1153 q.
1141 1100 1259 1142 lineis
1292 1100 1534 1150 deformare,
1575 1100 1802 1144 describere
1834 1102 1891 1144 IX
1924 1104 1992 1152 39,
2027 1103 2074 1151 5;
2118 1102 2168 1144 cf.
2202 1102 2300 1145 Hor.
2334 1116 2395 1158 ep.
2428 1103 2447 1145 Ι
2481 1105 2546 1154 16,

309 1176 347 1215 4.
381 1172 482 1215 Stat.
516 1169 604 1212 silv.
644 1169 661 1210 1
695 1170 740 1218 3,
779 1171 819 1211 9.
868 1169 926 1210 III
964 1170 1003 1219 1,
1051 1172 1142 1212 117.
1207 1183 1389 1212 300310
1428 1171 1477 1214 de
1516 1171 1650 1213 fluviis
1687 1172 2014 1215 interfluentibus
2057 1172 2090 1213 V
2125 1174 2170 1222 6,
2215 1173 2265 1213 12
2303 1173 2452 1217 medios
2482 1174 2548 1217 ille

308 1242 499 1299 (Tiberis)
531 1255 650 1295 ayros
678 1245 802 1285 secat.
844 1240 893 1282 cf.
931 1241 1049 1295 Verg.
1082 1254 1170 1284 aen.
1205 1242 1278 1283 VII
1313 1242 1409 1283 717.
1453 1242 1509 1284 sic
1552 1242 1659 1297 apud
1691 1241 1796 1284 Plin.
1830 1255 1869 1284 n.
1902 1242 1941 1284 h.
1975 1242 2008 1282 V
2042 1244 2086 1289 9,
2135 1243 2199 1284 12.
2233 1243 2301 1288 27.
2336 1245 2404 1286 22.
2464 1258 2546 1287 30-

307 1313 471 1364 01311,
503 1310 654 1365 sequi
685 1310 853 1353 locum
887 1312 911 1352 i.
945 1325 981 1365 q.
1016 1312 1145 1354 locum
1168 1312 1279 1355 adire
1302 1312 1521 1367 voluptatis
1543 1316 1614 1355 aut
1641 1312 1841 1355 commodi
1874 1313 2047 1355 alicuius
2078 1313 2239 1355 fruendi
2271 1327 2393 1357 causa
2426 1315 2443 1356 I
2477 1316 2544 1365 22,

308 1389 345 1427 6.
382 1384 416 1427 11
456 1385 522 1433 17,
557 1383 624 1425 28.
671 1382 765 1424 VHI
798 1383 870 1432 20,
911 1384 949 1425 8.
993 1398 1083 1437 pan.
1117 1387 1191 1433 56,
1231 1387 1270 1426 4.
1314 1384 1363 1426 cf.
1397 1385 1516 1438 Verg.
1550 1397 1638 1427 aen.
1672 1385 1706 1426 V
1739 1385 1837 1426 629.
1871 1383 1986 1426 ovid.
2020 1385 2113 1426 fast.
2147 1384 2204 1425 VI
2242 1386 2333 1427 109.
2397 1387 2546 1442 sequi

308 1455 453 1498 deinde
485 1453 674 1496 dicuntur
706 1467 753 1496 ea
785 1468 886 1508 quae
918 1455 1081 1497 facilem
1114 1467 1230 1497 usum
1252 1456 1459 1509 praebent,
1492 1468 1594 1509 quae
1625 1467 1705 1497 non
1726 1455 1922 1497 resistunt
1946 1455 2018 1497 VII
2053 1457 2092 1505 9,
2122 1457 2195 1505 11;
2227 1456 2277 1497 cf.
2303 1457 2423 1512 Verg.
2456 1470 2544 1500 aen.

309 1527 404 1569 VIII
436 1527 532 1568 432.
575 1538 712 1580 georg.
755 1525 773 1566 1
812 1527 903 1567 100.
947 1526 1063 1568 ovid.
1106 1527 1204 1569 met.
1245 1525 1307 1567 III
1350 1528 1446 1568 299.
1509 1527 1697 1570 sedere
1741 1540 1787 1569 ea
1819 1526 2009 1569 dicuntur
2040 1540 2142 1581 quae
2174 1527 2347 1570 firmiter
2378 1528 2546 1571 haerent

307 1612 397 1653 pan.
431 1600 507 1648 55,
549 1597 599 1638 10
638 1597 754 1638 cuius
790 1596 1016 1639 laetissima
1051 1598 1180 1649 t'acies·
1213 1633 1219 1639 .
1256 1633 1262 1640 .
1299 1598 1341 1639 in>
1377 1600 1557 1640 onmium-
1589 1600 1738 1640 civium
1769 1612 1835 1641 ort:
1864 1598 1990 1640 oculis
2022 1599 2161 1641 animo
2189 1598 2313 1650 sedet,
2358 1599 2395 1640 Π
2434 1601 2480 1650 3,
2518 1601 2543 1641 9

306 1670 431 1712 altius
473 1669 515 1709 in
555 1668 694 1709 (mimo
734 1667 866 1708 sedent
907 1681 1011 1719 qnae
1043 1670 1327 1720 pronuntiatio
1358 1667 1491 1710 vultus
1520 1669 1681 1710 habitus
1715 1703 1722 1710 .
1759 1703 1766 1709 .
1799 1669 1957 1722 adfiyit.
2023 1668 2080 1709 ita
2112 1668 2300 1710 dixerunt
2330 1672 2471 1724 poetae
2501 1673 2546 1711 ut

306 1740 420 1783 ovid.
453 1739 537 1782 her.
571 1737 610 1778 Π
644 1737 710 1778 70.
754 1737 875 1791 Verg.
915 1751 1002 1779 aen.
1046 1737 1101 1779 IV
1139 1740 1203 1780 15.
1247 1739 1277 1780 V
1315 1740 1396 1780 418
1439 1752 1582 1792 eosque
1614 1742 1773 1793 praeter
1806 1738 1987 1780 Plinium
2017 1739 2147 1781 secuti
2178 1742 2273 1782 sunt
2305 1739 2396 1783 Sen.
2429 1742 2544 1796 epist.

306 1813 386 1862 12,
417 1811 454 1851 2.
487 1809 521 1849 V
545 1810 584 1857 5,
608 1810 647 1849 3.
681 1806 850 1859 Quintil.
885 1807 984 1850 decl.
1020 1809 1116 1849 305.
1150 1810 1248 1851 321.
1311 1809 1426 1850 sine
1459 1805 1724 1863 imperativus
1757 1809 1898 1851 modus
1930 1821 2023 1850 cum
2054 1809 2309 1851 coniunctivo
2341 1811 2423 1852 solo
2453 1824 2546 1854 eon-

306 1883 465 1924 iunctus
496 1880 535 1921 Π
573 1881 636 1927 10,
673 1879 690 1919 1
733 1880 820 1920 εἰπε
844 1895 923 1932 per
952 1895 1025 1922 ora
1056 1881 1262 1922 homin-um
1291 1881 1503 1931 ferantur.
1547 1879 1598 1920 cf.
1632 1880 1730 1921 Hor.
1764 1880 1882 1933 epist.
1916 1879 1935 1919 I
1971 1879 2036 1929 17,
2069 1880 2138 1919 32.
2201 1880 2419 1934 signare
2450 1883 2476 1924 i.
2508 1896 2545 1937 q.

305 1951 439 2007 sigillo
469 1950 681 2004 obsignare
715 1949 753 1990 11
787 1951 853 1999 20,
888 1950 935 2000 83
968 1950 1016 1991 cf.
1050 1950 1165 1992 ovid.
1199 1963 1279 1992 am.
1318 1950 1355 1991 ΙΙ
1394 1951 1458 2000 15,
1498 1951 1560 1990 15.
1604 1950 1784 1992 Martial.
1818 1950 1853 1989 V
1885 1951 1954 1999 39,
1989 1950 2026 1989 2.
2060 1948 2117 1989 IX
2152 1950 2220 1999 88,
2256 1950 2293 1991 7.
2336 1951 2373 1992 X
2407 1953 2473 2003 70,
2508 1953 2544 2005 7,

306 2025 497 2065 honore
530 2020 747 2075 signare
780 2033 824 2062 eo
858 2020 968 2062 verbi
1002 2035 1072 2062 usu
1106 2021 1259 2063 dictum
1292 2033 1381 2074 quo,
1416 2024 1460 2062 ut
1491 2021 1550 2062 ait
1582 2021 1706 2064 Henr.
1743 2020 1900 2063 Keilius
1932 2020 1981 2062 de
2013 2021 2277 2063 emendandis
2309 2022 2432 2065 Plinii
2463 2024 2546 2078 epi-

306 2095 423 2138 stulis
452 2091 471 2135 I
504 2108 539 2147 p.
574 2096 651 2139 20.
694 2105 765 2147 pro
809 2090 1074 2147 significandi
1107 2094 1170 2136 vel
1211 2092 1416 2135 indicandi
1460 2093 1579 2135 verbo
1622 2096 1763 2148 poetae
1805 2095 1846 2136 et
1888 2093 2120 2148 posterioris
2153 2096 2302 2138 aetatis
2333 2096 2546 2152 scriptores

306 2167 464 2221 signare
496 2165 695 2207 dixerunt.
729 2163 955 2219 simplicem
987 2165 1147 2207 honoris
1180 2163 1519 2220 significationem
1541 2164 1665 2208 habet
1687 2166 1719 2206 V
1760 2167 1793 2217 l,
1833 2167 1895 2208 ll.
1929 2179 2019 2221 pan.
2054 2168 2121 2216 23,
2161 2168 2204 2216 1;
2237 2168 2286 2210 cf.
2311 2168 2430 2224 Verg.
2455 2181 2541 2212 aen.

308 2238 362 2279 VI
394 2238 488 2278 780.
522 2237 637 2279 Ovid.
671 2237 763 2279 fast.
797 2237 831 2277 V
864 2237 960 2278 474.
1024 2238 1241 2279 sinuare
1279 2237 1317 2278 II
1355 2237 1417 2280 17.
1457 2238 1504 2278 11
1544 2229 1659 2279 caius
1697 2238 1856 2290 (cellae)
1890 2240 1929 2280 iu
1964 2240 2182 2281 contrariis
2204 2240 2436 2291 parietibus
2465 2241 2545 2283 duo

304 2310 538 2363 baptisteria
572 2309 676 2350 velut
706 2310 827 2350 eiecta
858 2310 1090 2350 sinuantur.
1154 2320 1272 2362 saepe
1293 2307 1400 2361 apud
1421 2310 1561 2362 poetas
1582 2307 1732 2362 legitur
1754 2308 1827 2350 hoc
1850 2309 2029 2350 verbum.
2092 2308 2257 2350 solari
2288 2309 2314 2350 i.
2336 2322 2374 2363 q.
2403 2309 2544 2359 lenire,

304 2380 511 2434 eleganter
527 2380 575 2421 de
594 2378 784 2421 remediis
805 2391 940 2420 rerum
963 2379 1162 2420 malarum
1184 2392 1229 2420 ac
1251 2379 1513 2420 molestarum
1531 2378 1687 2421 dictum
1705 2380 1761 2420 VI
1783 2381 1846 2426 16,
1869 2380 1919 2421 17
1938 2394 2060 2432 (Imma.
2077 2379 2270 2433 (noctem)
2286 2385 2421 2423 tamen
2433 2382 2547 2434 faoes

306 2451 453 2490 incidiae
483 2451 679 2503 vcwislch
710 2450 866 2491 luminu
900 2449 1147 2500 solabantur,
1181 2450 1230 2491 cf.
1255 2449 1376 2502 Verg.
1407 2461 1544 2503 georg.
1581 2450 1597 2490 1
1625 2451 1716 2490 159.
1742 2451 1838 2490 292.
1872 2462 1958 2490 aen.
1984 2449 2041 2489 IX
2064 2450 2160 2491 490.
2194 2450 2289 2492 Tac.
2319 2463 2413 2493 ann.
2447 2451 2544 2492 XVI

310 2520 373 2561 12.
406 2531 497 2560 011111
529 2520 757 2562 accusativo
789 2518 847 2560 rei
880 2518 1057 2560 dolorem
1090 2518 1297 2561 adferente
1328 2517 1511 2560 iunctum
1544 2518 1615 2560 hoc.
1649 2519 1814 2561 verbum
1847 2519 1974 2560 exstat
2006 2518 2111 2572 apud
2142 2518 2322 2561 Plinium
2353 2533 2414 2574 ep.
2447 2521 2547 2562 VIII

311 2593 379 2639 ll,
419 2592 443 2629 3
481 2605 556 2631 mm
598 2592 762 2644 coutiyit
794 2591 865 2630 tibi
897 2590 1144 2631 desiderium
1173 2591 1325 2642 fratris
1356 2590 1502 2631 amissi
1533 2594 1604 2630 <tut
1635 2594 1768 2641 nepote
1797 2591 1884 2630 eius
1914 2594 1984 2630 aut
2016 2594 2131 2641 nepte
2160 2590 2312 2641 solari,
2355 2592 2403 2633 111
2438 2592 2546 2645 apud

309 2661 426 2713 Verg.
458 2672 545 2701 aen.
578 2660 598 2701 l
629 2662 712 2701 239
756 2674 895 2701 casum
930 2660 1075 2701 11Ὄὶαο
1116 2662 1321 2713 tristisqcae
1356 2661 1504 2702 rubras
1544 2660 1715 2702 solabar.
1779 2657 2038 2708 solidare,
2081 2659 2186 2712 quod
2217 2661 2390 2703 verbum
2421 2662 2544 2717 Verg.

303 2742 440 2784 georg.
473 2729 492 2771 Ι
529 2729 607 2771 179
639 2729 815 2781 novavit,
847 2742 870 2772 a
901 2729 1133 2784 posterioris
1163 2728 1358 2784 temporis
1390 2729 1653 2783 scriptoribus
1684 2741 1755 2771 usu
1788 2732 1997 2782 receptum
2026 2731 2111 2771 est:
2143 2729 2242 2771 VIII
2275 2732 2343 2782 20,
2376 2732 2416 2774 4.
2449 2732 2544 2774 Τ30.

304 2812 395 2842 31111.
429 2799 502 2841 XV
528 2802 581 2842 43
604 2800 657 2842 31.
720 2800 1030 2842 sollicitare
1063 2813 1130 2855 pro
1162 2809 1352 2852 movere,
1385 2800 1587 2848 inducere,
1618 2799 1875 2852 persuadere‘
1906 2798 1963 2839 IV
1992 2800 2055 2847 13,
2083 2801 2149 2841 11.
2174 2800 2328 2855 [Τ131.]
2361 2802 2412 2843 ad
2435 2802 2543 2844 Trai.

306 2872 360 2912 42
392 2871 482 2924 (51)
513 2872 604 2924 post
634 2870 750 2913 Ovid.
783 2885 862 2914 am.
897 2871 950 2912 111
987 2873 1025 2917 9,
1060 2872 1127 2911 34.
1171 2871 1263 2913 fast.
1297 2870 1316 2911 I
1347 2871 1431 2911 303
1464 2869 1562 2912 haec
1594 2883 1665 2912 1·οΧ
1696 2869 1745 2911 31)
1777 2870 1995 2923 argenteae
2026 2868 2249 2913 latinitatis
2281 2873 2546 2927 scriptoribus

305 2955 351 2984 ea
382 2953 503 2995 quam
534 2940 707 2985 diximus
738 2943 1032 2999 significatione
1065 2946 1258 2996 usurpata
1289 2944 1364 2982 est.
1426 2940 1643 2982 sordere
1681 2940 1706 2980 i.
1745 2953 1783 2992 q.
1816 2939 2034 2990 contemni,
2067 2940 2188 2982 nihili
2219 2941 2342 2995 pendi
2372 2942 2456 2992 vel,
2499 2945 2545 2984 ut

305 3014 346 3056 C.
380 3011 430 3055 G.
463 3012 713 3056 Schwarzius
744 3014 969 3069 explicavit,
1003 3014 1216 3056 evilescere
1248 3025 1294 3054 30
1326 3012 1575 3065 contemptui
1607 3024 1706 3059 esse,
1738 3023 1830 3065 pan.
1864 3011 1933 3060 52,
1968 3011 2017 3061 2;
2056 3010 2107 3053 cf.
2141 3011 2262 3066 Verg.
2295 3012 2369 3054 001.
2399 3012 2442 3054 Π
2472 3014 2541 3055 44.

303 3086 401 3128 Hor.
434 3083 549 3138 epist.
582 3086 602 3126 I
636 3087 707 3136 11,
740 3088 767 3127 4
809 3088 850 3128 et
881 3099 901 3127 e
933 3084 1196 3139 scriptoribus
1228 3081 1457 3138 posterioris
1487 3082 1679 3136 temporis
1710 3080 1881 3134 Quintil.
1922 3081 2019 3123 VIII
2050 3094 2226 3136 prooem.
2259 3084 2328 3125 26.
2361 3082 2472 3125 Curt.
2505 3083 2543 3124 X

305 3158 373 3207 30,
406 3155 445 3197 8.
478 3155 573 3197 Tac.
605 3156 700 3198 dial.
736 3159 803 3199 23.
865 3158 1037 3207 stare,
1070 3169 1171 3210 quae
1202 3168 1275 3197 vox
1304 3167 1374 3209 pro
1406 3159 1600 3204 ‘manere,
1640 3152 1872 3202 consistere,
1912 3152 2135 3206 quiescere'
2167 3153 2273 3207 apud
2305 3154 2544 3197 Terentium

304 3227 434 3271 solum
465 3229 506 3270 et
526 3226 760 3282 Augusteae
791 3229 940 3272 aetatis
970 3231 1109 3283 poetas
1140 3227 1302 3282 legitur,
1334 3239 1358 3268 a
1378 3224 1511 3266 Plinio
1542 3223 1708 3268 demum
1741 3224 1906 3278 eiusque
1937 3223 2174 3277 aequalibus
2205 3237 2254 3267 ea
2285 3236 2407 3278 quam
2438 3224 2542 3267 dixi-

305 3313 394 3343 mus
425 3298 719 3353 significatione
750 3301 970 3355 usurpatur
1001 3300 1036 3341 V
1068 3299 1133 3348 12,
1167 3300 1205 3340 3.
1238 3296 1341 3340 adde
1372 3296 1421 3338 ad
1454 3296 1560 3339 locos
1591 3297 1632 3338 in
1655 3297 1704 3339 A.
1727 3295 1945 3338 Forcellini
1975 3295 2099 3337 lexico
2132 3295 2289 3337 adlatos
2320 3295 2415 3338 Tac.
2447 3308 2540 3338 ann.

2263 3371 2284 3408 4
