2865 3681
282 426 324 469 II
357 428 396 477 9,
429 428 454 468 5
487 427 557 470 ubi
588 397 707 469 locus‘
720 424 905 479 publicus
937 423 1207 479 intellegitur,
1240 437 1361 479 quem
1393 425 1577 467 homines
1606 424 1727 466 otiosi
1759 425 1867 468 horis
1897 426 2115 468 subsicivis
2137 425 2389 479 colloquendi
2422 438 2544 467 causa

281 503 474 555 adibant;
507 503 712 546 titulus
743 513 813 554 pro
845 501 1021 555 sepulcri
1048 501 1313 554 inscriptione
1336 501 1393 541 VI
1418 502 1485 551 10,
1508 503 1548 541 3.
1582 501 1641 541 IX
1668 502 1733 549 19,
1752 503 1801 551 3;
1833 514 1926 543 cum
1948 502 2047 543 Silio
2079 503 2328 544 detersus
2359 501 2542 563 pan550,

283 581 330 635 45
360 581 634 623 illaudatus
665 591 737 633 pro
764 577 901 618 ‘laude
929 577 1088 618 carens’
1116 577 1176 617 IX
1198 578 1268 626 26,
1292 578 1318 618 4
1346 590 1425 630 qua
1446 590 1541 619 voce
1564 577 1720 619 Statius
1742 591 1897 632 quoque
1918 591 2015 619 usus
2043 582 2126 628 est3
2159 578 2357 620 illunis
2389 577 2447 618 VI
2469 578 2542 626 20,

286 660 359 707 14;
392 659 463 701 ire
494 658 542 699 in
573 655 768 698 saecula
799 667 892 708 pan.
916 655 984 703 55,
1012 654 1031 694 1
1057 667 1179 708 quam
1201 654 1448 695 locutionem
1470 653 1581 695 idem
1604 653 1738 695 valere
1766 655 1926 695 constat
1947 654 2053 707 quod
2080 655 2205 707 ‘apud
2226 657 2406 709 posteros
2430 655 2543 696 fama

280 734 506 778 celebrari’.
540 732 760 787 largiorem
781 732 933 780 autem,
967 731 1013 772 ut
1034 742 1210 783 aequum
1239 732 1314 779 est,
1347 730 1677 773 observationum
1699 730 1858 784 copiam
1880 731 2048 785 praebet
2070 744 2209 772 eorum
2231 733 2443 785 poetarum
2471 731 2542 784 qui

279 811 458 867 Augusti
481 811 615 852 aetate
647 808 847 850 florebant
877 807 1075 849 sermonis
1107 807 1370 860 comparatio.
1403 820 1480 860 qua
1502 820 1545 849 re
1569 820 1618 849 ne
1648 809 1778 849 oratio
1809 808 1970 862 longius
2002 810 2188 850 excurrat
2219 821 2309 850 eam
2340 808 2544 850 rationem

278 886 493 937 inibimus,
532 887 577 927 ut
615 884 666 926 iis
698 884 782 926 fere
815 883 910 925 solis
942 883 1108 925 vocibus
1139 897 1242 935 quae
1275 897 1367 925 cum
1399 897 1477 926 uno
1510 886 1629 937 poeta
1662 884 1795 925 Plinio
1827 897 2062 926 communes
2094 887 2189 926 sunt
2220 886 2362 938 poetae
2395 896 2543 927 nomen

277 965 488 1008 addamus.
551 975 574 1004 a
605 961 740 1003 verbis
772 962 910 1002 autem
942 960 1107 1001 initium
1139 959 1361 1014 capiamus.
1424 961 1706 1014 abnegare.
1769 961 1999 1015 abnegandi
2033 962 2201 1003 verbum
2233 974 2257 1003 a
2288 962 2419 1015 poetis
2449 974 2542 1003 cum

279 1041 480 1084 infinitivo
512 1040 652 1093 (Verg.
685 1032 823 1092 georg.
857 1038 918 1079 ΠΙ
951 1039 1049 1078 4511.
1083 1049 1171 1079 aen.
1204 1037 1246 1078 II
1278 1038 1392 1091 13:37),
1425 1050 1518 1079 eum
1550 1038 1781 1079 accusativo
1813 1038 1870 1079 rei
1903 1039 2043 1092 (Verg.
2077 1051 2165 1080 aen.
2200 1037 2277 1079 VII
2311 1038 2409 1079 423.
2442 1037 2542 1080 Hor.

276 1119 340 1161 od.
374 1119 393 1160 Ι
425 1118 494 1168 35,
529 1116 601 1170 22)
634 1117 676 1157 et
706 1114 890 1157 absolute
922 1114 1062 1169 (Verg.
1096 1128 1185 1157 aen.
1220 1114 1261 1156 ΙΙ
1295 1116 1396 1165 654)
1430 1116 1669 1168 usurpatum
1707 1128 1731 1159 a
1767 1116 2003 1169 posterioris
2041 1116 2237 1176 temporis
2274 1115 2542 1170 scriptoribus

276 1208 350 1238 usu
380 1194 590 1248 receptum
622 1193 696 1240 est,
730 1204 822 1232 cum
855 1191 904 1232 de
936 1204 981 1232 eo
1014 1193 1205 1244 ageretur
1236 1191 1303 1244 qui
1337 1204 1421 1233 reni
1450 1191 1528 1232 sibi
1550 1191 1749 1232 traditam
1771 1191 1963 1233 creditori
1984 1192 2153 1233 reddere
2175 1192 2324 1233 nollet:
2357 1192 2408 1232 ad
2430 1192 2541 1233 Trai.

276 1273 331 1314 96
364 1271 468 1324 (97),
503 1271 526 1310 7
557 1283 608 1311 ne
638 1270 863 1321 ‹leymsitum
894 1269 1093 1320 adpwllati
1125 1270 1391 1320 ulmeam-ent,-
1422 1267 1594 1320 Quintil.
1629 1268 1688 1308 XI
1721 1270 1760 1317 2,
1794 1269 1841 1308 11
1877 1269 2119 1322 abneqatam
2148 1271 2186 1310 ei
2208 1271 2409 1322 pecuniae
2432 1283 2541 1322 par-

275 1354 366 1390 tem.
429 1346 667 1389 abolere.
711 1357 788 1398 quo
820 1346 941 1387 verbo
975 1357 1092 1385 nemo
1123 1346 1302 1398 priorum
1346 1346 1506 1398 praeter
1538 1345 1700 1385 Livium
1744 1345 1932 1398 (11138.
1978 1346 2015 1386 7.
2065 1345 2179 1386 XXV
2227 1347 2267 1394 l,
2303 1346 2340 1386 7.
2384 1346 2425 1394 6,
2470 1346 2539 1398 18)

276 1425 396 1478 atque
428 1421 658 1477 Vergilium
690 1424 795 1474 (aen.
829 1420 888 1462 IV
921 1421 1019 1461 497.
1053 1420 1113 1462 XI
1146 1421 1243 1462 789.
1277 1433 1415 1475 georg.
1449 1420 1512 1462 III
1543 1422 1647 1474 559)
1690 1434 1760 1474 pro
1791 1421 1957 1464 ‘delere
1992 1422 2150 1463 tollere‘
2181 1435 2276 1463 usus
2309 1424 2384 1471 est,
2417 1434 2537 1475 saepo

275 1514 299 1543 a
331 1500 595 1553 scriptoribus
633 1499 691 1540 eis
733 1498 802 1551 qui
834 1498 1013 1552 Augusti
1046 1498 1172 1539 aetati
1205 1499 1485 1540 successerunt
1516 1500 1757 1552 usurpatum
1790 1499 1873 1540 est:
1922 1498 1978 1539 IV
2011 1500 2079 1547 22,
2118 1500 2132 1539 l
2169 1499 2275 1540 lemae
2302 1500 2539 1552 yymm'oum

274 1592 407 1631 ayona
440 1611 448 1618 .
484 1610 492 1618 .
526 1575 743 1618 tollendum
775 1574 1090 1628 aboleudmnqm·
1108 1562 1298 1618 curavit.
1343 1575 1378 1614 V
1410 1575 1456 1623 5,
1497 1575 1522 1614 8
1566 1579 1609 1616 ut
1652 1589 1760 1616 inm-5·
1789 1589 1910 1629 quam
1942 1576 2201 1628 paucissima
2241 1589 2343 1629 quae
2385 1574 2540 1617 abolere

267 1653 401 1706 possit
431 1652 630 1695 ivfeveoziat.
678 1649 754 1691 VH
786 1650 832 1698 6,
876 1651 901 1690 6
940 1664 1088 1692 causas·
1119 1650 1291 1691 abolitae
1322 1652 1592 1692 accusato‘amts·
1621 1652 1823 1702 (mmmm,
1873 1652 1943 1691 19.
1977 1652 2003 1690 6
2045 1651 2167 1690 lun-os
2207 1664 2454 1704 quamquam
2487 1664 2539 1691 esc

266 1713 502 1770 ‘neceasitate
531 1731 568 1768 et
599 1730 705 1768 metu
737 1729 963 1779 tmnpmwn
996 1726 1172 1769 abolitos.
1236 1726 1486 1769 abominor
1518 1727 1687 1769 verbum
1718 1729 1938 1780 praeeunte
1971 1726 2086 1768 Livio
2120 1726 2174 1767 VI
2213 1728 2276 1775 18,
2309 1728 2349 1767 9.
2380 1727 2449 1776 40,
2485 1727 2535 1767 11

274 1805 325 1847 ab
357 1805 575 1859 argenteae
617 1802 839 1845 latinitatis
881 1802 1147 1858 scriptoribus
1188 1817 1308 1858 saepe
1351 1805 1587 1857 usurpatum
1627 1816 1699 1857 pro
1740 1803 1969 1848 ‘detestari.
2002 1803 2232 1852 exsecrari',
2274 1798 2321 1845 ut
2352 1815 2375 1844 a
2407 1802 2539 1844 Plinio

274 1881 333 1923 VI
364 1882 409 1931 4,
443 1882 469 1922 4
507 1895 608 1935 quae
646 1881 830 1922 maa-ina»
860 1881 1071 1922 abominor
1105 1882 1226 1935 fiuyo.
1290 1880 1360 1922 sed
1391 1880 1564 1921 formula
1602 1879 1674 1921 illa
1711 1880 1834 1934 quod
1871 1879 2121 1921 abominor
2158 1879 2183 1920 i.
2218 1895 2251 1921 e.
2284 1879 2408 1933 ‘qnod
2440 1879 2540 1922 deus

274 1959 447 2007 avertat,
479 1957 586 2011 quod
617 1956 675 1998 dii
706 1957 962 2011 prohibeant,
995 1957 1100 2010 quod
1132 1957 1190 1999 dii
1222 1971 1340 2000 omen
1372 1958 1579 2000 avertant'
1610 1958 1675 2010 (ut
1707 1957 1790 1999 Cic.
1824 1958 1874 1999 ad
1898 1957 2015 1999 Brut.
2055 1959 2118 1997 10.
2155 1957 2259 1997 Phil.
2293 1956 2356 1997 III
2393 1958 2459 2006 14,
2483 1958 2537 1998 35
2582 1944 2590 1953 ’

274 2035 431 2078 locutus
463 2035 541 2088 est)
573 2033 727 2088 primus
759 2033 928 2075 Ovidius
959 2036 1056 2076 met.
1097 2034 1155 2076 IX
1196 2035 1292 2076 676.
1327 2048 1373 2077 ex
1406 2035 1534 2076 Ponto
1567 2033 1629 2075 III
1665 2035 1707 2084 1,
1756 2035 1834 2075 105
1883 2046 1977 2074 usus
2009 2037 2090 2076 est.
2137 2046 2256 2087 quem
2292 2034 2448 2075 Plinius
2482 2034 2540 2074 VI

278 2113 345 2161 22,
381 2112 403 2153 7
438 2112 479 2153 et
509 2110 675 2152 Curtius
707 2110 787 2151 VII
819 2112 858 2159 4,
899 2112 947 2151 12
980 2110 1134 2153 imitati
1166 2113 1274 2153 sunt.
1337 2113 1655 2166 abrumpere
1694 2124 1715 2152 e
1748 2110 1983 2165 Vergiliana
2017 2111 2307 2152 consuetudine
2339 2111 2382 2151 in
2414 2111 2539 2151 Plinii

274 2188 525 2240 aliorumque
563 2200 683 2228 usum
714 2187 938 2228 admissum
971 2191 1045 2228 est.
1108 2188 1213 2240 quod
1246 2189 1279 2228 si
1312 2189 1419 2229 enim
1453 2201 1542 2229 aen.
1576 2187 1636 2227 IX
1659 2188 1742 2227 497
1776 2188 2017 2239 abrumpere
2047 2189 2172 2228 vitam
2207 2187 2396 2240 legimus,
2430 2187 2534 2240 apud

278 2263 457 2304 Plinium
480 2264 497 2304 I
524 2264 588 2313 12,
614 2264 638 2304 8
671 2264 798 2305 multa
833 2264 905 2305 illa
939 2265 1046 2305 vitae
1075 2265 1145 2305 sed
1175 2266 1336 2306 minora
1361 2265 1587 2306 retinacula
1608 2264 1775 2315 abrupit
1807 2263 2037 2304 invenimus
2059 2266 2101 2304 et-
2123 2262 2314 2305 similiter
2336 2263 2385 2304 de
2407 2270 2535 2304 morte

278 2341 310 2379 V
328 2341 368 2388 5,
386 2341 412 2379 4
432 2344 476 2380 at
498 2354 600 2392 quac
619 2354 778 2393 sempor
794 2341 1023 2380 ivs-homme
1048 2341 1209 2394 aliquid
1231 2341 1452 2392 αὒιηιηιμαί
1474 2340 1603 2393 deque
1627 2353 1824 2383 sermone,
1851 2339 1956 2391 quod
1981 2339 2142 2380 dicendi
2169 2353 2297 2389 genus
2320 2341 2372 2380 ab
2395 2339 2536 2380 eodem

277 2416 457 2469 Vergilio
489 2429 576 2461 aem.
613 2417 671 2455 IV
703 2418 788 2456 388
822 2419 1014 2456 novatum
1047 2420 1122 2463 est,
1157 2417 1196 2456 II
1236 2419 1299 2465 14,
1339 2419 1388 2456 10
1421 2419 1580 2469 repetiit
1611 2417 1715 2469 quod
1745 2418 1979 2467 abrasa-rat.
2014 2414 2063 2456 de
2095 2416 2253 2457 actione
2293 2415 2332 2456 ΙΙ
2370 2417 2439 2462 ll,
2483 2416 2534 2455 18

276 2491 402 2544 deque
434 2491 525 2533 aliis
556 2493 677 2534 rebus
699 2491 779 2532 VII
811 2494 850 2540 53,
885 2494 910 2533 4
942 2494 1047 2546 quod
1076 2508 1143 2546 ⁰51⁰
1173 2507 1250 2534 non
1285 2494 1478 2545 abrumpi
1508 2493 1578 2533 sed
1609 2493 1825 2533 intermitti
1858 2491 1950 2541 volo,
1980 2490 2031 2532 VI
2055 2493 2093 2539 6,
2117 2493 2142 2531 9
2175 2492 2373 2544 abrumpe
2392 2493 2535 2545 siqua

275 2573 310 2610 te
329 2562 511 2610 retineat.
564 2569 725 2622 proprie
758 2569 913 2611 dictum
948 2571 1009 2610 est
1041 2569 1080 2610 ΙΙ
1116 2570 1154 2617 7,
1189 2571 1213 2609 2
1246 2571 1316 2612 lios
1337 2571 1588 2611 arctissimos
1609 2569 1795 2621 laqueos.
1823 2602 1830 2609 .
1855 2569 2113 2619 abrumpam.
2169 2570 2330 2621 praeter
2353 2567 2534 2608 Plinium

275 2643 441 2686 Tacitus
463 2643 679 2687 Suetonius
700 2645 980 2698 Quintilianus
1012 2646 1215 2700 poeticum
1247 2659 1367 2686 usum
1399 2644 1552 2687 imitati
1585 2646 1691 2694 sunt,
1725 2657 1804 2698 qua
1835 2644 1885 2686 de
1917 2657 1959 2686 re
1991 2657 2069 2685 non
2103 2644 2215 2686 nulla
2246 2644 2278 2685 Ι.
2303 2645 2375 2686 Ρ11.
2398 2643 2536 2686 Kreb-

275 2720 406 2761 sius¹¹¹
439 2734 478 2773 p.
506 2722 585 2762 107
619 2723 773 2764 attulit.
827 2723 949 2764 adde
981 2723 1125 2776 quod,
1159 2735 1261 2776 quae
1283 2722 1457 2763 formula
1491 2722 1530 2762 in
1564 2721 1876 2763 transitionibus
1908 2721 2011 2763 solet
2042 2721 2240 2774 usurpari,
2273 2723 2363 2775 post
2394 2721 2536 2774 poetas

275 2796 409 2849 (Lucr.
442 2795 513 2838 IV.
550 2798 674 2839 1119.
707 2797 824 2840 Ovid.
857 2801 955 2840 met.
989 2798 1030 2840 II
1065 2800 1131 2840 70.
1165 2798 1268 2840 XIII
1301 2799 1395 2840 117.
1430 2799 1527 2839 854.
1560 2812 1605 2840 ex
1638 2799 1767 2840 Ponto
1799 2798 1839 2839 ΙΙ
1872 2800 1911 2846 9,
1935 2799 1990 2838 49
2023 2798 2074 2839 al.
2100 2798 2195 2838 Hor.
2228 2797 2292 2838 od.
2325 2796 2368 2838 Π
2400 2797 2438 2846 8,
2467 2797 2536 2839 17.

275 2873 350 2913 sat.
389 2872 409 2912 I
442 2873 487 2920 2,
527 2874 618 2925 83),
658 2887 756 2927 qnos
795 2874 933 2915 Livius
975 2875 1034 2915 IX
1080 2876 1151 2923 19,
1191 2876 1217 2914 6
1255 2875 1443 2916 imitatus
1481 2877 1562 2923 est,
1611 2874 1719 2927 apud
1758 2875 1936 2915 Plinium
1976 2873 2075 2913 VIII
2119 2875 2187 2921 14,
2229 2875 2268 2913 13,
2312 2873 2405 2915 Sen.
2449 2876 2534 2915 nat.

276 2948 431 3001 quaest.
463 2947 521 2988 IV
544 2950 582 2999 2,
608 2951 661 2990 24
695 2952 736 2992 et
767 2950 938 3002 Quintil.
972 2951 991 2991 Ι
1024 2952 1062 2999 2,
1093 2952 1161 2991 31.
1196 2952 1236 2998 3,
1265 2952 1329 2990 16.
1363 2950 1399 2989 X
1434 2952 1472 2998 2,
1501 2951 1548 2990 11
1584 2950 1750 3003 legitur,
1783 2950 1853 2990 sed
1878 2950 2032 2989 Plinius
2066 2950 2172 2990 hunc
2204 2963 2324 2990 usum
2354 2950 2414 2991 ita
2445 2962 2535 2991 am-

274 3022 474 3076 plificavit
504 3025 550 3065 ut
580 3037 659 3066 non
691 3027 819 3068 solum
853 3027 1088 3080 imperativi
1119 3028 1293 3067 formam
1314 3039 1457 3067 verum
1488 3026 1591 3066 alias
1623 3026 1749 3067 etiam
1777 3026 1889 3066 verbi
1921 3024 2099 3067 addendi
2131 3026 2282 3067 formas
2313 3039 2406 3068 cum
2437 3039 2535 3067 con-

276 3099 479 3142 iunctione
510 3102 614 3154 quod
646 3103 920 3146 coniunxerit:
954 3103 1016 3145 ΙΙΙ
1043 3105 1108 3153 14,
1132 3105 1158 3145 6
1190 3104 1347 3147 addam
1378 3103 1482 3156 quod
1508 3108 1729 3156 opportune
1758 3103 1806 3144 de
1824 3102 1958 3144 eodem
1979 3102 2202 3145 Macedone
2227 3104 2442 3154 succurrit,
2476 3102 2532 3144 ib.

276 3178 316 3225 9,
340 3177 366 3216 6
387 3176 637 3219 addiderunt
658 3180 822 3221 Baetici
843 3181 947 3233 qaod
966 3181 1093 3222 simul
1111 3182 1237 3222 socios
1256 3181 1540 3231 ministrosqvm
1560 3179 1740 3221 Classici
1770 3179 2010 3220 detulerunt.
2072 3179 2213 3221 eodem
2246 3179 2363 3221 modo
2394 3178 2532 3221 adice

276 3251 407 3306 quod
446 3251 653 3295 invenitur
689 3255 798 3312 apud
836 3255 943 3297 Plin.
982 3270 1074 3310 pan.
1115 3258 1183 3305 53,
1223 3258 1262 3297 3.
1302 3255 1394 3298 Sen.
1428 3255 1518 3297 ben.
1558 3253 1622 3296 III
1655 3254 1692 3302 7.
1727 3255 1765 3296 4.
1813 3254 1932 3297 clem.
1965 3254 1984 3296 I
2018 3256 2056 3304 8,
2091 3256 2129 3296 6.
2178 3255 2296 3309 epist.
2330 3254 2382 3303 Π,
2415 3256 2456 3304 3,
2490 3255 2533 3297 2.
