2865 3681
1358 366 1364 368 .
1388 308 1495 368 ¹⁰4
1523 367 1549 369 .-

283 446 509 500 datrixque
537 450 662 496 terra,
695 446 742 487 ut
771 444 880 499 apud
902 443 1020 486 Ovid.
1053 444 1152 487 met.
1185 443 1264 486 VH
1298 444 1399 486 470.
1442 441 1542 488 Hor.
1577 446 1692 500 epod.
1727 444 1774 495 V,
1809 445 1878 486 22.
1910 444 1982 486 sed
2012 443 2242 487 ablativum
2272 458 2430 501 quoque
2463 448 2558 502 post

284 520 405 564 ovid.
438 534 518 564 am.
549 520 591 563 II
626 521 692 569 16,
727 520 750 561 7
784 522 826 562 et
855 520 980 575 Verg.
1012 532 1152 576 georg.
1184 519 1227 562 Π
1265 520 1349 562 222
1382 518 1568 565 invenies
1599 521 1707 576 apud
1733 519 1913 562 Plinium
1945 519 2003 561 IV
2038 520 2104 571 15,
2138 520 2164 562 8
2192 520 2319 574 ferax
2346 523 2557 567 saeculum

282 599 398 643 bonis
427 599 608 647 artibus,·
638 597 802 640 miser
831 609 925 651 pan.
960 597 1030 647 58,
1063 598 1089 639 5
1122 598 1249 641 miser
1269 597 1507 641 ambitionis
1538 598 1608 654 (cf.
1630 599 1729 642 Hor.
1762 599 1839 641 sat.
1870 597 1910 639 Π
1942 598 1982 649 2,
2006 598 2062 640 66
2094 599 2140 641 iu
2169 602 2361 641 neutram
2391 604 2556 652 partem

283 676 415 717 cultus
434 675 570 722 miser,
599 686 720 726 quem
740 672 981 726 genetivum
1002 673 1211 726 utrimque
1232 686 1477 727 suspensum
1497 687 1586 718 esse
1607 675 1717 718 Guil.
1739 675 2079 729 Dillenburgerus
2100 675 2153 716 ad
2174 675 2214 716 h.
2238 675 2265 717 l.
2288 674 2414 725 dixit3
2448 675 2554 718 Stat.

284 749 411 793 Theb.
443 749 501 790 IV
533 750 618 790 403
655 751 798 791 miseri
837 751 1044 805 morum)‚·
1085 762 1277 803 parcus
1315 749 1469 803 [Trai]
1509 750 1561 793 ad
1594 751 1703 794 Trai.
1737 753 1762 794 9
1794 751 1885 805 (25)
1921 751 2118 794 honorum
2152 752 2457 805 parcissimus,
2501 751 2554 793 cf.

284 825 381 867 Hor.
413 827 491 867 sat.
524 825 564 866 Π
597 826 637 874 2,
671 826 740 866 62.
775 826 817 874 5,
852 825 922 866 79.
955 825 1107 866 Lucan.
1139 824 1199 865 IX
1232 826 1330 866 590.
1370 824 1443 867 Sil.
1477 826 1515 867 X
1547 829 1617 869 30.
1651 827 1756 881 quod
1788 827 2037 870 adiectivum
2068 827 2228 869 Plinius
2260 827 2404 870 addita
2435 840 2555 882 prae-

282 900 482 955 positione
513 901 722 943 coniunxit
754 913 847 943 cum
882 914 977 943 casu
1010 903 1119 943 sexto
1150 900 1170 940 Ι
1202 902 1271 949 22,
1306 902 1331 940 4
1362 915 1486 954 quam
1514 917 1673 955 pareus
1702 905 1745 945 in
1779 905 1895 952 rictu,
1935 903 1986 944 ad
2017 903 2127 944 Trai.
2162 905 2217 944 26
2249 904 2355 957 (11),
2389 905 2427 945 2.
2460 916 2554 958 pan.

281 976 322 1028 3,
355 976 405 1027 33
453 990 678 1020 securus
710 989 803 1032 pan.
841 976 913 1027 18,
948 977 973 1019 2
1015 977 1188 1031 offensae
1213 978 1456 1031 gyratiaeque
1479 979 1648 1031 pariter
1677 979 1808 1021 securi
1817 1012 1826 1030 ,
1871 979 1943 1027 71,
1987 979 2014 1018 4
2055 964 2221 1020 sec-uhts
2251 979 2556 1034 mafflzitudinis

278 1067 379 1097 suae
408 1051 477 1107 (cf.
512 1052 637 1108 Verg.
670 1065 760 1095 aen.
804 1052 822 1094 I
854 1054 953 1094 350.
1018 1051 1056 1094 X
1088 1052 1173 1094 326
1204 1065 1369 1094 secunus
1400 1065 1612 1104 antarum,
1659 1054 1734 1094 VII
1767 1056 1852 1095 304
1884 1055 2049 1109 pelam,
2094 1055 2194 1096 Hor.
2239 1068 2302 1108 ep.
2336 1056 2376 1095 II
2409 1058 2455 1103 2,
2502 1057 2551 1095 17

279 1142 420 1180 curae,
462 1129 558 1171 Tac.
592 1141 686 1171 ann.
720 1129 779 1170 III
811 1129 866 1170 28
893 1120 1123 1183 potentiae,
1167 1127 1262 1170 hist.
1309 1127 1324 1168 I
1358 1128 1412 1169 86
1454 1141 1624 1170 casuum
1657 1130 1699 1170 et
1730 1130 1780 1171 A.
1816 1130 2008 1184 Draeger.
2051 1130 2078 1170 l.
2112 1131 2139 1170 l.
2179 1143 2217 1183 p.
2254 1131 2350 1183 28);
2394 1133 2555 1173 tenax

278 1204 331 1247 ad
363 1204 473 1247 Trai.
525 1205 548 1246 7
581 1205 674 1258 (12)
716 1206 936 1247 memoriae
974 1209 1068 1246 tum·
1109 1219 1211 1259 quae
1247 1209 1303 1244 est
1332 1204 1425 1244 bene
1461 1205 1647 1256 findendi
1678 1207 1957 1255 tenacissima,
2002 1206 2057 1246 ib.
2091 1207 2145 1247 85
2179 1206 2272 1259 (17)
2303 1208 2555 1259 disciplinae

278 1284 605 1334 tenacissimum,
648 1283 694 1325 ut
726 1282 834 1337 apud
867 1282 990 1336 Verg.
1024 1294 1113 1323 aen.
1149 1281 1205 1322 IV
1244 1282 1322 1321 188
1357 1282 1444 1334 fieti
1467 1282 1677 1334 JWavtiw
1707 1285 1848 1331 tenant,
1895 1282 1989 1324 Hor.
2022 1281 2085 1323 od.
2121 1282 2181 1323 III
2212 1284 2253 1331 3,
2292 1283 2309 1323 1
2347 1284 2556 1335 propositi

278 1362 425 1418 tenax,
469 1358 586 1400 Ovid.
619 1360 718 1400 met.
762 1359 799 1399 X
833 1359 918 1400 405
952 1358 1004 1400 al.
1069 1358 1133 1399 his
1175 1357 1435 1411 adiungenda
1472 1359 1569 1398 sunt
1599 1369 1647 1398 ea
1679 1357 1883 1399 adiectiva
1914 1372 2015 1412 quae
2046 1360 2233 1413 quamvis
2264 1361 2307 1400 in
2339 1361 2555 1413 poetarum

277 1435 396 1477 libris
428 1447 506 1477 non
538 1435 802 1478 inveniantur
832 1437 974 1477 tamen
1005 1448 1030 1476 a
1053 1432 1188 1476 Plinio
1220 1436 1432 1489 poetarum
1464 1446 1619 1474 morem
1652 1436 1846 1486 sequente
1868 1447 1961 1476 eum
1981 1436 2168 1489 genetivo
2190 1437 2411 1478 coniuncta
2434 1437 2553 1478 sunt:

278 1511 555 1567 fugitivus
589 1511 645 1553 IX
671 1499 749 1561 28,
784 1513 810 1553 4
842 1513 903 1553 rce'
931 1512 1188 1565 familiaris.
1234 1512 1545 1551 incuriosus
1582 1510 1677 1550 VIII
1711 1512 1780 1555 20,
1823 1512 1833 1550 1
1871 1513 2172 1562 promuntunum
2216 1526 2296 1565 qua
2327 1525 2424 1554 voce
2456 1525 2554 1554 usus

278 1588 438 1629 Plinius
470 1588 662 1629 Tacitum
695 1588 815 1629 huius
847 1587 1041 1629 adise-tivi
1083 1587 1413 1629 amantissimum
1445 1587 1829 1640 videtur-imitatus
1861 1600 1970 1634 ‹›sse;
2010 1587 2321 1629 irreverens
2355 1589 2450 1630 VIII
2483 1589 2553 1638 21,

279 1665 305 1705 3
336 1666 484 1717 operis.
526 1665 731 1717 postremo
752 1663 936 1717 poeticus
958 1663 1126 1717 quidam
1148 1676 1244 1704 usus
1267 1663 1400 1704 Plinio
1431 1662 1650 1704 familiaris
1683 1663 1866 1705 cernitur
1898 1663 1939 1704 in
1970 1665 2222 1717 quorundam
2252 1664 2551 1707 adiectivorum

276 1741 320 1782 et
339 1740 557 1782 verborum
585 1752 680 1781 cum
713 1739 916 1781 infinitivo
948 1739 1243 1787 coniunctione,
1276 1751 1399 1791 quam
1431 1751 1510 1779 non
1541 1738 1712 1791 reperiri
1743 1740 1905 1781 constat
1936 1739 2015 1781 nisi
2046 1740 2153 1793 apud
2174 1743 2314 1794 poetas
2340 1742 2382 1782 et
2403 1752 2553 1794 argen-

276 1819 369 1858 teae
398 1816 623 1858 latinitatis
654 1816 872 1868 scriptores
904 1816 973 1868 qui
1004 1817 1218 1868 poetarum
1249 1814 1584 1857 consuetudinem
1616 1813 1746 1857 secuti
1768 1828 1857 1858 esse
1879 1813 2124 1859 iudicantur.
2186 1829 2234 1859 ac
2264 1815 2314 1860 de
2337 1814 2553 1860 adiectivis

277 1893 445 1947 quidem
477 1893 554 1933 hoc
586 1892 803 1933 dicendum
837 1894 912 1933 est.
977 1893 1271 1933 contentus
1314 1892 1402 1943 post
1433 1890 1550 1931 Ovid.
1586 1891 1682 1932 met.
1723 1890 1741 1930 I
1774 1891 1874 1931 461.
1936 1891 1972 1931 II
2004 1892 2088 1932 637
2122 1905 2145 1933 a
2177 1892 2413 1946 posterioris
2445 1893 2551 1935 tem-

276 1969 388 2022 poris
419 1969 684 2021 scriptoribus
716 1981 809 2009 cum
841 1967 1045 2009 infinitivo
1077 1967 1340 2009 coniunctum
1373 1968 1446 2009 est.
1510 1966 1617 2019 apud
1656 1965 1838 2007 Plinium
1880 1966 2017 2008 autem
2058 1966 2210 2021 legitur
2248 1981 2339 2021 pan.
2409 1968 2480 2018 15,
2524 1969 2552 2010 2

275 2046 534 2097 prospexisse
563 2048 703 2085 castra
733 2045 967 2095 brevemque
997 2043 1196 2084 militiam
1226 2044 1347 2096 quasi
1379 2042 1577 2084 transisse
1606 2045 1824 2091 contentus,
1868 2042 1922 2084 ib.
1957 2043 2026 2091 38,
2064 2043 2083 2083 1
2117 2043 2313 2086 delibasse
2346 2043 2550 2097 quaedam

277 2124 493 2167 contentus,
528 2119 582 2161 ib.
617 2121 687 2167 63,
722 2120 746 2160 5
779 2120 1091 2173 remmam-ique
1122 2123 1159 2159 te
1189 2118 1387 2160 consulem*
1418 2117 1586 2160 iussisse
1615 2121 1845 2167 contentum
1876 2117 1926 2159 cf.
1960 2116 2071 2160 Curt.
2107 2118 2203 2160 VIII
2240 2119 2304 2168 11,
2345 2119 2409 2161 18.
2443 2118 2550 2161 Vell.

276 2198 317 2239 11
348 2198 419 2247 49,
452 2199 492 2238 4.
560 2197 657 2246 112,
692 2198 730 2237 6.
794 2195 964 2248 Quintil.
1000 2194 1037 2235 X
1071 2196 1110 2243 2,
1147 2194 1185 2235 7.
1250 2194 1392 2236 Manil.
1426 2194 1487 2236 ΠΙ
1518 2195 1588 2236 39.
1650 2193 1850 2248 dignus
1890 2207 1982 2248 pan.
2028 2195 2075 2245 7,
2119 2196 2145 2236 4
2187 2196 2414 2249 (li-anusque
2445 2196 2551 2239 alter

275 2275 384 2330 eliqu’,
418 2275 522 2316 alter
551 2275 708 2328 eliqere,
742 2274 856 2314 cuius
879 2273 987 2313 vocis
1016 2274 1057 2313 et
1079 2273 1311 2313 structurae
1333 2271 1514 2312 omnium
1538 2271 1735 2313 Horatius
1766 2272 2075 2313 amantissimus
2106 2274 2190 2314 est:
2223 2272 2287 2315 od.
2325 2272 2382 2314 [ΙΙ
2414 2272 2484 2322 21,
2508 2273 2547 2314 6.

276 2353 354 2393 sat.
387 2351 406 2392 Ι
438 2352 479 2400 3,
513 2352 582 2392 24.
627 2352 667 2400 4,
701 2352 741 2391 3.
786 2351 855 2391 25.
895 2350 959 2398 10,
995 2350 1062 2390 72.
1102 2362 1162 2402 ep.
1197 2349 1215 2389 Ι
1253 2349 1318 2394 10,
1353 2349 1419 2389 48.
1465 2361 1531 2390 ars
1563 2362 1600 2402 p.
1644 2348 1734 2390 183.
1769 2349 1868 2390 283.
1932 2349 2055 2391 verba
2085 2351 2222 2392 autem
2254 2362 2357 2403 quae
2390 2349 2550 2391 Plinius

276 2440 368 2470 cum
400 2427 605 2469 infinitivo
635 2428 849 2481 poetarum
892 2439 1003 2467 more
1044 2424 1251 2466 coniunxit
1293 2425 1391 2465 111191·
1433 2426 1549 2465 sunt:
1597 2425 1884 2466 adhortari
1923 2438 2015 2478 pau.
2049 2427 2126 2475 66,
2171 2428 2195 2467 2
2234 2427 2477 2468 adhortatus
2507 2441 2547 2467 es

274 2518 478 2546 resumere
508 2504 749 2554 libertatem,
794 2503 847 2544 ad
889 2515 1011 2556 quem
1050 2501 1183 2543 locum
1216 2501 1259 2542 C.
1293 2500 1342 2542 G.
1377 2501 1626 2543 Schwarzius
1667 2501 1883 2544 adnotavit
1924 2502 2044 2545 haec:
2089 2503 2197 2553 „ista
2228 2506 2439 2548 structura
2468 2515 2548 2556 qua

274 2580 400 2623 verbo
431 2579 526 2621 huic
557 2580 723 2622 additur
754 2578 984 2621 infinitivus
1005 2576 1208 2620 Graecam
1239 2576 1428 2630 loquendi
1459 2577 1661 2620 rationem
1692 2590 1835 2632 sapere
1867 2577 2042 2628 videtur,
2074 2591 2321 2633 quamquam
2355 2591 2446 2620 eam
2474 2591 2548 2620 nec

274 2656 348 2698 alii
378 2656 597 2709 scriptores
618 2656 756 2698 Latini
786 2656 1028 2708 refugerint,
1060 2656 1108 2696 ut
1139 2653 1238 2695 Sall.
1272 2652 1361 2695 Cat.
1394 2655 1434 2702 5,
1467 2656 1507 2696 9.
1556 2653 1647 2696 Val.
1670 2654 1778 2696 Max.
1812 2654 1868 2696 1V
1892 2655 1916 2695 7
1949 2656 2025 2697 ext.
2063 2656 2098 2697 l.
2147 2655 2206 2697 IX
2239 2657 2278 2704 6,
2312 2657 2351 2697 13.
2400 2654 2546 2697 Iustin.

275 2731 356 2774 XII
383 2732 423 2782 5,
440 2731 506 2773 4.”
537 2743 642 2785 quae
673 2743 922 2785 quamquam
952 2731 1064 2772 haud
1096 2731 1233 2782 inepte
1266 2729 1377 2769 dicta
1407 2732 1515 2777 sunt,
1548 2731 1689 2771 tamen
1718 2742 1860 2770 omnes
1880 2729 1958 2770 loci
1979 2743 2076 2782 quos
2097 2731 2162 2771 vir
2192 2730 2261 2772 ille
2285 2730 2548 2772 doctissimus

273 2807 418 2851 attulit
438 2818 519 2849 non
540 2806 790 2849 adhortandi
810 2807 881 2849 sed
897 2807 1091 2864 hortandi
1107 2807 1224 2848 verbi
1239 2819 1358 2847 usum
1380 2807 1603 2856 declarant,
1626 2807 1742 2847 cuius
1758 2806 1873 2847 verbi
1890 2819 1984 2846 cum
1999 2806 2200 2848 infinitivo
2216 2806 2547 2848 coniunctionem

272 2884 407 2939 poetis
437 2883 673 2938 frequenter
702 2884 900 2924 usitatam
931 2896 1018 2925 esse
1051 2884 1226 2924 constat.
1289 2884 1501 2924 certare
1543 2884 1636 2935 pan.
1677 2884 1752 2931 81,
1793 2884 1819 2922 4
1850 2887 1976 2924 certat
2002 2885 2196 2937 franqere
2221 2885 2390 2935 fluctus,
2431 2883 2547 2925 cuius

272 2961 390 3003 verbi
420 2960 529 3016 apud
559 2962 702 3015 poetas
733 2973 830 3002 usus
860 2960 1218 3014 frequentissimus
1250 2961 1325 3001 est.
1388 2972 1480 3000 cum
1513 2958 1717 3001 infinitivo
1748 2958 1861 3001 enim
1892 2959 1965 3001 hoc
1985 2960 2156 3003 verbum
2186 2960 2450 3003 coniunctum
2481 2959 2547 3002 in-

271 3038 413 3081 venies
453 3038 560 3093 apud
602 3038 721 3080 Lucr.
763 3037 798 3078 V
830 3038 928 3079 394.
972 3038 1096 3079 1123.
1147 3036 1204 3079 VI
1236 3037 1335 3078 509.
1381 3036 1502 3079 1247.
1553 3036 1675 3091 Verg.
1716 3033 1790 3078 ecl.
1842 3035 1876 3076 V
1913 3036 1952 3077 9.
1999 3050 2139 3093 georg.
2189 3036 2226 3079 Π
2264 3038 2334 3080 99.
2383 3050 2472 3081 aen.
2504 3036 2546 3079 l]

274 3116 344 3156 64.
392 3115 450 3155 IV
481 3116 581 3155 443.
637 3115 673 3154 V
709 3113 805 3155 194.
860 3114 915 3155 VI
951 3115 1045 3156 178.
1098 3113 1159 3155 IX
1191 3114 1291 3154 520.
1325 3114 1422 3154 533.
1458 3114 1556 3155 557.
1603 3113 1642 3155 X
1680 3114 1774 3155 130.
1823 3112 1921 3155 Hor.
1954 3114 2016 3156 od.
2059 3115 2078 3156 I
2121 3115 2156 3165 1,
2191 3115 2229 3156 8.
2294 3113 2411 3156 Ovid.
2444 3114 2543 3157 met.

275 3194 311 3234 V
342 3194 442 3234 394.
491 3193 597 3235 Stat.
630 3192 721 3234 silv.
765 3192 803 3232 V
835 3193 879 3242 3,
916 3193 1011 3234 191.
1061 3191 1133 3235 Sil.
1166 3190 1268 3232 XIII
1301 3190 1404 3240 222,
1443 3204 1541 3244 quos
1582 3191 1744 3245 praeter
1776 3188 1955 3232 Plinium
1991 3192 2155 3234 secutus
2192 3192 2255 3234 est
2286 3190 2452 3234 Curtius
2484 3189 2543 3232 IX

273 3271 315 3319 4,
349 3271 418 3310 33.
482 3269 587 3311 addo
619 3268 813 3310 Ovidium
850 3268 932 3310 alia
970 3281 1127 3322 quoque
1161 3268 1286 3311 verba
1323 3266 1514 3310 studendi
1546 3266 1613 3309 vel
1649 3265 1823 3309 conandi
1855 3266 1998 3310 eadem
2028 3268 2235 3310 structura
2266 3280 2455 3317 ornasse,
2498 3267 2546 3308 ut
