2865 3681
262 374 624 428 pervestigandam
654 373 723 414 via
752 372 913 414 munita
944 374 1006 415 est
1019 405 1029 423 ,
1071 373 1216 415 horum
1257 373 1437 417 virorum
1479 374 1806 418 doctissimorum
1838 375 2069 430 exemplum
2100 388 2168 418 eos
2198 378 2407 418 secuturos
2437 389 2525 419 esse

262 462 381 504 spero
394 483 404 501 ,
446 450 516 504 qui
545 450 652 493 hanc
682 448 924 490 Latinarum
963 448 1201 501 litterarum
1231 450 1414 511 partem,
1446 463 1569 505 quam
1600 451 1663 494 tot
1692 451 1898 505 tantisque
1930 451 2248 494 difficultatibus
2283 452 2523 494 obstrictam

266 525 398 569 teneri
429 527 607 576 constat,
650 526 804 578 quant-a
840 525 1019 567 maxima
1048 525 1267 580 diligentia
1298 525 1386 568 fieri
1416 526 1558 581 possit,
1591 520 1810 582 expolitam
1842 540 1929 569 esse
1960 527 2103 570 velint.
2163 541 2260 570 nam
2292 528 2426 570 multa
2455 541 2524 569 su-

262 604 434 658 persunt
463 615 568 657 quae
600 601 777 643 virorum
811 601 1022 644 doctorum
1053 601 1266 654 ingenium
1296 604 1338 644 et
1367 615 1540 645 acumen
1571 603 1647 645 hac
1677 604 1721 645 in
1750 617 1794 646 re
1826 603 1983 658 possint
2013 617 2210 646 exercere.
2273 605 2404 647 restat
2433 604 2524 657 qui-

264 680 357 723 dem
371 713 380 731 ,
412 681 459 725 ut
488 678 562 720 Ed.
596 676 855 725 Woelfflinus
886 690 1043 731 quoque
1074 678 1328 729 observavit,
1365 679 1652 733 interpretatio
1683 680 1791 721 Livii
1822 692 1843 721 e
1874 680 2124 733 Vergilianis
2154 681 2348 735 exemplis
2377 680 2523 736 petita,

262 769 359 798 nam
389 757 441 798 ab
472 755 519 797 O.
551 753 776 796 Ribbeckio
807 754 894 795 viro
935 754 985 796 de
1016 753 1190 809 Vergilii
1222 754 1471 798 carminibus
1508 755 1775 799 emendandis
1815 756 1968 810 optime
2011 757 2158 798 merito
2198 769 2442 811 quamquam
2481 755 2523 797 in

262 832 396 875 indice
428 830 598 874 editioni
629 830 775 873 maiori
805 830 997 872 adiuncto
1038 842 1117 872 non
1149 830 1278 872 solum
1310 843 1359 873 ea
1389 844 1492 886 quae
1523 831 1732 887 Vergilius
1764 846 1810 875 ex
1842 834 2029 874 veterum
2060 833 2271 885 poetarum
2302 832 2419 875 libris
2460 832 2523 873 vi-

262 910 383 952 detur
413 907 597 950 hausisse
627 920 767 949 verum
802 920 849 949 ea
881 906 1006 949 etiam
1038 908 1278 949 enumerata
1307 910 1403 950 sunt
1434 908 1476 949 in
1507 909 1654 962 quibus
1685 911 1727 951 et
1757 911 1900 964 poetae
1932 910 1973 951 et
1994 908 2212 963 scriptores
2232 909 2396 962 quidam
2419 909 2524 951 Ver·-

260 986 409 1041 gilium
440 987 652 1038 tamquam
684 985 891 1026 auctorem
923 997 1042 1025 suum
1073 982 1265 1026 videntur
1295 985 1422 1027 secuti
1456 998 1557 1036 0330,
1591 986 1744 1036 tamen,
1777 987 1823 1028 ut
1853 988 2000 1028 natura
2031 985 2172 1040 magni
2203 987 2245 1027 et
2273 986 2429 1039 operosi
2460 985 2523 1027 la-

261 1062 372 1104 boris
401 1061 495 1111 fert,
526 1072 605 1102 non
637 1060 772 1102 omnia
802 1060 904 1102 satis
934 1060 1143 1114 explorata
1173 1062 1280 1101 sunt.
1340 1060 1420 1103 huc
1451 1060 1611 1103 accedit
1631 1061 1737 1115 quod
1769 1074 1816 1104 ea
1837 1074 1993 1116 quoque
2014 1061 2265 1104 observanda
2296 1063 2390 1103 sunt
2419 1074 2523 1115 quae

260 1139 314 1181 ad
344 1151 462 1180 usum
495 1137 767 1192 syntacticum
799 1136 1019 1191 pertinent,
1051 1149 1148 1179 nam
1178 1139 1397 1191 argenteae
1427 1137 1651 1180 latinitatis
1682 1138 1899 1193 scriptores
1930 1150 2049 1192 saepe
2080 1138 2132 1180 ab
2153 1137 2400 1192 optimorum
2422 1137 2523 1180 scri-

262 1217 424 1270 ptorum
458 1213 750 1256 consuetudine
782 1213 1039 1256 abhorruisse
1071 1215 1243 1256 constat.
1304 1217 1350 1256 ut
1386 1216 1525 1257 autem
1563 1215 1615 1257 ad
1646 1215 1828 1257 Plinium
1860 1215 2098 1261 redeamus,
2130 1214 2206 1256 hoc
2235 1213 2322 1256 loco
2357 1228 2425 1256 eas
2461 1214 2523 1256 lo-

260 1292 408 1345 quendi
440 1292 637 1333 formulas
667 1292 848 1333 breviter
875 1292 1206 1334 enumerabimus
1235 1305 1338 1345 quae
1369 1305 1463 1334 cum
1495 1292 1655 1346 vulgari
1686 1306 1763 1334 usu
1785 1292 2074 1335 dissentientes
2094 1292 2298 1346 poeticum
2320 1291 2521 1345 quendam

261 1381 489 1410 sermonem
520 1367 645 1409 Plinii
688 1367 984 1410 demonstrant.
1046 1380 1124 1421 quo
1169 1367 1212 1408 in
1258 1380 1407 1422 genere
1453 1381 1525 1411 eae
1561 1368 1752 1422 loquendi
1787 1368 1982 1410 formulae
2021 1368 2295 1411 numerandae
2333 1370 2441 1418 sunt,
2479 1368 2521 1409 in

260 1445 408 1498 quibus
448 1444 633 1486 neutrius
673 1444 836 1497 generis
879 1443 1129 1486 adiectivum
1168 1445 1209 1486 et
1248 1443 1446 1499 singulari
1489 1447 1532 1487 et
1572 1444 1720 1499 plurali
1752 1457 1918 1487 numero
1951 1443 2198 1487 substantivi
2229 1444 2315 1487 loco
2347 1444 2524 1498 ponitur,

261 1534 382 1574 quem
412 1533 533 1562 usum
565 1518 748 1561 Ciceroni
781 1522 822 1561 et
844 1519 1009 1562 Caesari
1039 1520 1176 1562 minus
1207 1521 1420 1573 probatum
1452 1522 1545 1574 post
1576 1524 1715 1575 poetas
1738 1521 1877 1562 Livius
1910 1522 1951 1562 et
1974 1520 2209 1574 posterioris
2240 1520 2390 1562 aetatis
2421 1520 2523 1562 scri·

258 1599 395 1652 ptores
436 1597 514 1647 sibi
546 1596 869 1639 vindicaverunt.
933 1596 1133 1651 singulari
1169 1599 1307 1639 autem
1348 1610 1516 1640 numero
1559 1598 1659 1640 haec
1696 1597 1900 1640 adiectiva.
1939 1611 1960 1638 a
1993 1597 2128 1638 Plinio
2169 1598 2364 1650 usurpata
2405 1598 2521 1638 sunt:

259 1689 322 1729 011.
352 1674 414 1716 ΠΙ
447 1675 487 1725 3,
520 1675 547 1716 4
578 1676 623 1717 iu
659 1675 730 1718 hoc
760 1674 973 1717 lubrico
1011 1676 1157 1717 aetatis
1197 1675 1265 1728 (cf.
1298 1674 1392 1717 Tac.
1425 1687 1518 1717 ann.
1559 1675 1576 1716 Ι
1609 1677 1663 1716 65
1704 1675 1856 1718 lubrico
1884 1675 2106 1728 paludum.
2149 1674 2203 1716 VI
2237 1675 2292 1715 49
2324 1674 2524 1716 lubricum

258 1753 463 1803 iuventae,
512 1750 609 1794 hist.
649 1751 668 1792 Ι
702 1751 754 1793 79
788 1751 940 1794 lubrico
969 1752 1204 1805 itiner-um),
1237 1764 1329 1806 pan.
1362 1753 1431 1802 39,
1465 1753 1490 1793 5
1521 1752 1592 1796 hoc
1622 1752 1931 1796 neoessitadv'm's
1962 1752 2094 1795 abra
2098 1755 2272 1806 ptam,
2306 1752 2348 1793 et
2377 1749 2525 1805 plurali

258 1840 427 1871 numero
457 1828 477 1868 Ι
509 1829 555 1879 3,
589 1830 616 1868 4
645 1828 841 1882 reliqua
871 1842 1011 1869 rerum
1042 1832 1233 1879 tuarunz,
1275 1828 1335 1869 III
1376 1829 1448 1878 19,
1482 1830 1509 1869 4
1539 1830 1731 1872 incerta
1759 1830 1952 1882 fortunae
1993 1829 2067 1881 (cf.
2106 1828 2194 1869 Liv.
2232 1827 2350 1869 XXX
2387 1828 2462 1876 15,
2496 1829 2523 1869 4

257 1906 315 1947 ad
344 1906 500 1947 incerta
527 1906 732 1958 fortunae,
767 1906 837 1954 30,
875 1906 924 1945 11
957 1906 1111 1947 incerta
1144 1919 1313 1947 casuum
1345 1906 1385 1946 et
1416 1905 1535 1958 plura
1565 1905 1616 1947 de
1644 1905 1814 1947 Liviano
1845 1919 1919 1947 11311
1952 1919 1975 1946 a
2007 1904 2298 1947 consuetudine
2320 1903 2525 1946 Ciceronis

258 1981 472 2023 recedente
504 1981 612 2035 apud
641 1981 687 2023 Ε.
720 1981 766 2023 F.
799 1981 1031 2034 Popponem
1070 1981 1148 2031 „de
1188 1980 1398 2022 latinitate
1437 1980 1540 2023 falso
1581 1982 1654 2023 aut
1689 1982 1837 2024 merito
1879 1982 2090 2036 suspects
2134 1982 2150 2022 1
2184 1983 2282 2035 1133
2316 1979 2522 2034 [Francos.

259 2057 312 2099 ad
343 2057 462 2099 Viad.
500 2057 632 2111 1841]
666 2056 867 2107 invenies,
910 2056 1007 2098 Tac.
1039 2069 1132 2098 ann.
1176 2056 1237 2098 ΙΠ
1269 2057 1325 2098 54
1358 2071 1439 2110 per
1479 2060 1637 2100 ‘incerta
1678 2060 1812 2100 maris
1851 2063 1887 2100 et
1924 2058 2247 2111 tempestatum),
2292 2056 2391 2098 VIII
2423 2057 2463 2106 4,
2497 2056 2522 2097 2

256 2136 414 2195 insessa
435 2137 584 2177 castris
604 2136 802 2177 montium
824 2134 1059 2187 afbrupta,
1092 2147 1185 2187 pan.
1209 2135 1280 2183 30,
1303 2135 1330 2174 4
1350 2134 1465 2176 intra
1492 2138 1739 2186 usurpata
1770 2134 1944 2177 collium.
1988 2135 2128 2188 poetas
2149 2134 2254 2175 hanc
2275 2134 2520 2175 structuram

258 2210 301 2251 in
332 2211 489 2253 deliciis
511 2212 660 2254 habere
682 2212 854 2261 constat,
886 2211 1062 2253 maxime
1084 2210 1320 2252 Lucretium
1333 2216 1347 2237 ¹
1364 2211 1402 2265 ⁴)
1434 2209 1666 2265 Vergilium
1687 2209 1904 2252 Horatium
1920 2215 1933 2236 ¹
1951 2212 2002 2263 ⁵).
2065 2209 2212 2252 deinde
2232 2208 2390 2250 Plinius
2411 2219 2521 2250 more

258 2289 471 2340 poetarum
503 2287 680 2330 Graecos
717 2286 972 2329 imitantium
1013 2285 1214 2339 quaedam
1255 2285 1460 2328 adiectiva
1500 2285 1680 2340 aliquam
1720 2286 1779 2327 rei
1811 2285 2083 2327 adfectionem
2121 2283 2398 2338 significantia
2427 2295 2521 2325 cum
2552 2320 2554 2323 ,

259 2364 448 2416 genetivo
480 2363 727 2405 substantivi
760 2362 990 2416 coniungit,
1032 2364 1079 2404 ut
1109 2375 1272 2415 capax
1301 2363 1320 2404 Ι
1352 2363 1421 2412 27,
1447 2363 1470 2404 7
1502 2364 1777 2416 capacissima
1807 2364 1947 2405 secreti
1977 2375 2099 2409 uxor,
2143 2360 2182 2401 Π
2217 2361 2283 2409 13,
2321 2360 2372 2400 10
2403 2360 2522 2402 cuius
2558 2361 2591 2397 ll

259 2438 502 2493 (amicitiae)
542 2454 625 2482 esse
664 2454 755 2481 eam
786 2452 912 2493 usqae
942 2436 999 2480 ad
1028 2437 1222 2480 intimam
1248 2437 1588 2492 familiaritatem
1619 2451 1820 2493 capacem,
1862 2436 2014 2492 [Trai]
2047 2435 2099 2478 ad
2131 2435 2240 2477 Trai.
2274 2435 2329 2476 50
2361 2434 2456 2489 (59)
2485 2448 2537 2498 0.-

257 2515 536 2565 «ῑεᾶᾱοαίίοηᾱες,
569 2528 643 2558 vox
673 2516 765 2569 post
796 2512 913 2557 Ovid.
945 2513 1043 2556 met.
1076 2512 1095 2555 Ι
1130 2513 1213 2555 176
1245 2527 1382 2568 capax
1412 2513 1521 2557 altae
1550 2515 1696 2557 mentis
1726 2513 1988 2568 scriptoribus
2010 2512 2196 2567 Augusto
2227 2510 2520 2566 posterioribus

259 2590 478 2633 admodum
519 2592 801 2646 frequentata,
844 2592 1027 2634 certus
1067 2590 1124 2631 VI
1159 2591 1234 2641 16,
1281 2591 1334 2632 12
1374 2595 1506 2633 certus
1541 2591 1682 2645 fayae,
1724 2589 1784 2630 IX
1815 2590 1861 2638 3,
1903 2589 1923 2630 1
1968 2592 2099 2631 certus
2121 2589 2392 2642 posteritatis,
2424 2598 2518 2641 pan.

263 2657 329 2718 16,
363 2668 389 2708 2
430 2673 584 2710 certum
625 2669 827 2722 triumphi
864 2667 932 2721 (cf.
965 2667 1088 2721 Verg.
1121 2678 1209 2709 aen.
1251 2665 1312 2707 111
1343 2665 1430 2707 554
1460 2670 1590 2708 certas
1618 2665 1761 2716 eundi,
1805 2664 1877 2707 Sil.
1910 2663 1968 2706 VI
2000 2663 2055 2705 27
2093 2668 2225 2706 certus
2253 2664 2379 2715 necis,
2421 2663 2518 2705 Tac.

257 2755 351 2786 ann.
383 2742 461 2786 XII
494 2745 550 2787 32
592 2744 879 2788 destinationis
908 2747 1059 2796 certas,
1100 2741 1157 2785 ib.
1185 2742 1240 2784 66
1271 2741 1431 2786 sceleris
1461 2742 1556 2785 olim
1586 2744 1706 2793 certa,
1739 2740 1838 2781 XIV
1859 2742 1916 2781 36
1947 2744 2079 2782 certus
2107 2745 2269 2781 eventus
2287 2739 2518 2788 Suetonius

259 2831 358 2871 quos
389 2819 576 2863 Taciteos
606 2821 714 2863 locos
745 2820 804 2862 eis
834 2832 933 2873 quos
965 2820 1016 2861 A.
1048 2819 1280 2873 Draegerus
1309 2818 1338 2859 l.
1368 2817 1397 2859 l.
1428 2831 1468 2871 p.
1503 2818 1558 2859 28
1588 2816 1776 2859 laudavit
1805 2817 1931 2859 velim
1963 2816 2154 2871 adicias);
2196 2816 2347 2858 ferax
2375 2815 2417 2856 11
2450 2814 2517 2863 17,

260 2896 314 2937 15
346 2896 539 2938 arborum
570 2897 646 2940 illa
675 2897 735 2940 vel
765 2897 948 2939 maxime
972 2896 1098 2949 ferax
1127 2899 1256 2947 terra,
1302 2891 1401 2937 VIII
1432 2892 1507 2945 20,
1552 2891 1577 2935 2
1617 2890 1815 2948 quaelibet
1843 2891 2147 2943 miraculorum,
2167 2892 2293 2946 ferax
2321 2902 2517 2935 commen·

381 3083 428 3126 ¹⁴)
453 3082 508 3119 Cf.
533 3083 574 3120 R.
601 3083 828 3119 Bouterweck
853 3083 895 3118 de
920 3083 1075 3117 Lucretii
1099 3082 1216 3117 codice
1242 3081 1455 3116 victoriano.
1505 3079 1585 3115 Hal.
1615 3078 1717 3115 1865.
1744 3091 1776 3123 p.
1806 3079 1860 3115 17.
1910 3079 1949 3115 F.
1977 3079 2033 3113 W.
2058 3078 2185 3113 Holtze
2211 3078 2366 3123 syntaxis
2391 3077 2516 3111 Lucre-

259 3141 377 3176 tianae
400 3140 627 3178 lineamenta.
677 3141 773 3187 Lips.
802 3142 904 3178 1868.
929 3152 964 3186 p.
989 3141 1046 3177 49.

379 3197 424 3239 ¹⁵)
448 3196 491 3233 G.
516 3198 668 3244 Ebeliug
692 3199 734 3234 de
759 3209 903 3234 casuum
926 3208 993 3233 usu
1017 3199 1221 3235 Horatiano.
1270 3196 1424 3240 Wernig.
1453 3196 1555 3231 1866.
1581 3207 1612 3239 p.
1642 3196 1697 3229 19.

1004 3276 1009 3281 ·
1249 3278 1252 3280 ·
2237 3262 2258 3295 2
