2865 3681
1417 254 1456 295 8

306 391 474 446 scripsit
504 393 701 446 epistula,
749 392 792 433 in
821 404 901 444 qua
930 394 1094 445 poetam
1124 391 1302 445 Vergilii
1330 392 1558 446 imaginem
1589 396 1765 437 maxime
1801 395 2040 436 veneratum
2070 393 2236 446 eiusque
2266 394 2567 437 monimentum

305 466 480 522 Neapoli
511 468 780 510 constitutum
811 466 925 510 adire
956 468 1003 510 ut
1031 466 1237 522 templum
1267 467 1434 511 solitum
1466 481 1553 512 esse
1574 469 1676 513 dicit
1706 468 1788 523 (III
1810 469 1849 519 7,
1874 468 1929 522 8).
1992 467 2139 512 deinde
2159 467 2391 523 Vergilium
2410 468 2448 511 V
2469 470 2511 519 3,
2539 472 2566 511 6

306 546 455 601 longae
485 545 731 588 ‘auctorum’
761 545 882 588 seriei
912 545 1202 589 adnumeravit
1231 559 1331 601 quos
1359 548 1407 588 ut
1437 544 1627 588 altiorem
1658 544 1800 588 stilum
1830 544 2054 587 adfectaret
2084 544 2172 598 ipse
2202 545 2461 599 sequebatur,
2492 557 2566 587 ne·

305 636 383 675 que
415 622 604 675 exiguum
635 620 790 663 ordinis
808 621 944 664 locum
975 622 1014 665 ei
1035 621 1196 665 tribuit.
1248 624 1295 664 ut
1325 622 1435 664 enim
1456 621 1689 675 Vergilium
1709 621 1828 664 facile
1849 620 2071 675 principem
2092 622 2305 675 poetarum
2326 620 2566 663 Latinorum

304 711 444 740 omnes
474 697 560 739 fere
591 696 809 751 scriptores
838 698 1076 751 posterioris
1106 698 1304 751 temporis
1333 699 1546 751 tamquam
1583 698 1813 751 exemplum
1850 709 1966 738 suum
1997 693 2050 737 ad
2081 695 2329 739 imitandum
2361 696 2440 738 sibi
2469 708 2565 751 pro-

302 774 537 827 posuerunt,
570 773 628 814 sic
648 772 822 815 'Plinius
852 773 996 816 multis
1027 772 1296 827 epistularum
1328 774 1370 815 et
1400 773 1639 827 panegyrici
1661 773 1836 817 Traiano
1868 773 1966 816 dicti
1995 773 2094 814 locis
2124 785 2205 815 non
2234 773 2367 816 solum
2397 784 2565 815 accura-

302 849 461 891 tissime
493 849 537 890 in
557 849 789 904 Vergiliani
820 850 1019 893 sermonis
1039 849 1365 891 familiaritatem
1395 862 1483 891 sese
1505 849 1735 891 insinuasse
1756 848 2062 897 demonstravit,
2093 848 2165 892 sed
2195 848 2411 902 aliquoties
2437 849 2564 892 etiam

305 925 391 968 eius
422 925 612 969 versibus
642 938 715 980 pro
746 926 830 968 suis
860 938 957 968 usus
988 927 1072 968 est:
1133 925 1152 966 Ι
1184 926 1230 969 2.
1273 927 1298 966 2
1334 926 1466 979 pauci
1509 939 1609 979 quos
1638 940 1791 980 aequus
1821 926 1978 968 <meavit
2017 938 2063 968 ex
2103 937 2192 967 aen.
2224 924 2282 967 VI
2317 925 2400 967 128
2431 925 2563 980 petita

304 1003 419 1050 sunt,
462 1002 534 1044 ubi
565 1002 770 1056 proverbii
801 1003 974 1044 formam
1005 1001 1244 1055 Vergiliano
1284 1014 1308 1043 a
1338 1001 1473 1042 Plinio
1515 1001 1657 1043 datam
1688 1015 1776 1044 esse
1807 1003 1838 1044 I.
1873 1002 1929 1044 M.
1962 1001 2165 1044 Gesnerus
2195 1004 2305 1045 recte
2337 1002 2561 1046 adnotavit.

300 1090 379 1130 quo
410 1077 567 1120 factum
599 1081 662 1120 est
691 1081 739 1120 ut
770 1079 933 1131 Iupiter
963 1078 1006 1118 in
1037 1079 1217 1119 extremo
1248 1077 1421 1131 Vergilii
1454 1090 1573 1119 versu
1605 1078 1949 1130 supprimeretur,
1992 1078 2112 1120 sicuti
2141 1078 2177 1119 V
2209 1079 2235 1118 6
2268 1079 2325 1119 44
2355 1083 2400 1120 ut
2428 1093 2565 1132 parva

301 1155 468 1207 maynis
497 1154 587 1207 (ubi
607 1167 895 1207 componamus
916 1167 937 1196 e
958 1153 1083 1208 Verg.
1106 1153 1179 1195 ecl.
1202 1153 1221 1194 l
1244 1154 1299 1195 23
1329 1155 1389 1195 sic·
1410 1155 1564 1207 parvis
1594 1168 1827 1207 componere
1846 1170 1998 1208 mamea
2016 1154 2188 1198 solebam
2218 1153 2453 1197 addendum
2484 1156 2564 1207 est)

301 1231 344 1272 et
374 1229 434 1272 IX
471 1231 517 1280 1,
551 1233 578 1273 3
625 1220 725 1291 οὐχ
762 1220 873 1290 ὁσίη
903 1219 1265 1292 [φθιμένοισιν]
1305 1243 1350 1272 ex
1383 1230 1504 1271 Hom.
1539 1243 1576 1290 χ
1599 1231 1685 1272 412
1708 1231 1751 1272 in
1772 1233 1976 1286 proverbii
1997 1231 2331 1274 consuetudinem
2352 1234 2561 1274 venerant.

298 1307 372 1349 sed
403 1320 625 1350 mone0.eo
656 1321 776 1360 quem
807 1307 938 1360 primo
967 1308 1134 1349 laudavi
1164 1307 1252 1349 loco
1283 1307 1456 1361 Vergilii
1486 1309 1611 1349 verba
1643 1310 1686 1349 in
1706 1309 1906 1351 Vaticano
1936 1309 2071 1351 codice
2093 1310 2232 1351 abesse
2264 1322 2310 1351 ac
2330 1307 2563 1350 Mediceum

299 1385 342 1424 et
372 1383 620 1425 Vaticanum
651 1383 833 1425 codicem
874 1385 946 1437 qui
976 1396 1049 1437 pro
1080 1383 1252 1436 adsequi
1288 1383 1450 1426 habere.
1511 1383 1618 1427 alter
1659 1384 1771 1426 locus
1808 1384 1879 1426 ubi
1917 1398 1938 1426 e
1970 1384 2093 1438 Verg.
2136 1397 2224 1427 aen.
2264 1383 2304 1425 II
2349 1384 2401 1425 12
2437 1384 2564 1426 verba

300 1459 441 1502 adlata
472 1462 567 1501 sunt
598 1474 852 1514 quamquam
881 1461 1050 1503 animus
1079 1461 1310 1502 meminisse
1338 1461 1472 1502 horret
1494 1493 1502 1501 .
1528 1493 1536 1501 .
1560 1460 1762 1513 incipiam
1792 1459 1945 1514 legitur
1976 1460 2034 1501 VI
2066 1461 2136 1506 20,
2173 1461 2221 1507 12
2252 1459 2399 1503 tertius
2430 1461 2562 1502 exstat

302 1536 361 1578 VI
391 1537 461 1580 33.
500 1538 519 1577 1
555 1549 602 1579 ex
634 1548 724 1579 aen.
755 1536 855 1577 VIII
888 1537 989 1585 439,
1021 1538 1190 1590 quartus
1222 1548 1268 1578 ex
1299 1548 1386 1577 aen.
1410 1535 1569 1576 V1105
1603 1536 1842 1590 desumptus
1873 1538 2005 1579 exstat
2035 1536 2094 1577 IX
2120 1537 2185 1585 13,
2222 1537 2273 1578 12
2305 1549 2407 1589 quae
2438 1536 2562 1578 verba

298 1612 460 1655 Plinius
491 1613 534 1655 in
566 1615 711 1656 senatu
742 1613 910 1667 profert.
973 1612 1172 1656 accedunt
1202 1612 1279 1655 VII
1310 1613 1378 1661 20,
1412 1612 1438 1651 4
1470 1612 1583 1667 lonyo
1612 1613 1685 1654 sed
1708 1614 1930 1667 promimus
1959 1612 2171 1655 intervallo
2207 1626 2254 1654 ex
2285 1625 2375 1655 aen.
2407 1612 2444 1654 V
2475 1613 2560 1654 320

297 1692 339 1732 et
369 1690 407 1732 V
440 1691 480 1740 8,
513 1693 539 1731 3
582 1704 629 1732 ex
659 1703 799 1746 georg.
842 1690 903 1732 III
946 1692 971 1731 8
1012 1692 1213 1745 victorque
1251 1690 1384 1731 virum
1426 1689 1596 1732 volitare
1628 1705 1709 1743 per
1750 1706 1825 1733 ora
1856 1692 2023 1739 hausta,
2074 1703 2176 1745 quae
2219 1691 2343 1734 verba
2379 1689 2563 1744 sequitur

297 1768 465 1822 elegans
496 1769 744 1823 aposiopesis
776 1782 822 1811 ex
853 1782 943 1811 aen.
976 1769 1016 1822 V,
1049 1770 1129 1811 195
1162 1782 1411 1823 qcmmquam
1440 1768 1488 1808 o!
1524 1761 1654 1809 restat
1685 1766 1859 1821 denique
1890 1770 1937 1810 ut
1966 1779 2328 1810 commemoremus
2359 1779 2407 1810 ea
2436 1767 2561 1810 verba

298 1857 402 1897 quae
434 1846 598 1887 exstant
628 1844 727 1886 VIII
762 1846 799 1894 2,
832 1846 858 1886 3
899 1859 950 1887 ne
979 1847 1073 1899 quis
1103 1846 1207 1886 milei
1238 1858 1312 1886 mm
1346 1845 1519 1886 donatus
1549 1844 1678 1884 abiret
1710 1857 1756 1885 ex
1787 1844 1911 1898 Verg.
1944 1857 2031 1886 aen.
2065 1844 2100 1885 V
2132 1844 2216 1885 305
2250 1844 2466 1897 desumpta
2495 1843 2559 1885 vi-

297 1920 399 1963 deri.
463 1921 513 1962 de
541 1921 770 1963 Homericis
801 1934 905 1974 quae
935 1922 1104 1975 longum
1137 1924 1199 1963 est
1229 1933 1465 1977 enumerare
1497 1921 1639 1962 eodem
1670 1921 1790 1962 modo
1822 1920 2084 1962 iudicandum
2115 1923 2189 1964 est,
2222 1921 2281 1962 ita
2311 1921 2358 1961 ut
2378 1920 2560 1961 Plinium

297 1998 511 2049 poetarum
549 1997 739 2038 notitiam
776 1997 950 2038 iactasse
988 1997 1281 2038 existimemus.
1343 1997 1435 2037 hinc
1476 1999 1611 2037 ortum
1653 2000 1716 2037 est
1753 1998 1967 2049 poetarum
2002 1996 2247 2048 optimorum
2284 1996 2399 2049 quasi
2440 1996 2559 2037 flores

298 2072 542 2125 decerpendi
574 2073 778 2117 studium.
822 2073 927 2126 quod
970 2085 994 2114 a
1033 2072 1269 2127 posterioris
1308 2072 1503 2125 temporis
1534 2071 1800 2126 scriptoribus
1847 2072 1956 2114 haud
2001 2071 2179 2114 alienum
2219 2071 2557 2125 fuissessonstat.

298 2161 427 2201 neque
458 2149 566 2189 enim
600 2149 731 2191 solum
773 2164 794 2191 e
831 2150 949 2191 libris
989 2151 1203 2203 poetarum
1246 2149 1476 2202 aequalium
1507 2149 1579 2190 sed
1610 2148 1736 2190 etiam
1774 2162 1795 2189 e
1826 2151 2037 2201 poetarum
2068 2148 2137 2201 qui
2167 2149 2383 2202 Augustea
2422 2149 2559 2190 aetate

297 2223 497 2265 florebant
537 2224 656 2266 libris
693 2237 810 2267 voces
850 2225 1154 2278 locutionesque
1194 2224 1422 2278 petierunt,
1469 2227 1515 2265 ut
1555 2224 1775 2266 discrimen
1807 2223 1913 2277 quod
1945 2224 2170 2267 intercedat
2200 2225 2309 2266 inter
2340 2224 2558 2277 scriptores

297 2300 494 2341 orationis
525 2301 682 2342 solutae
713 2302 754 2342 et
785 2302 926 2354 poetas
957 2300 1076 2355 plane
1107 2302 1192 2342 fere
1224 2299 1313 2342 tolli
1344 2299 1542 2342 videatur.
1605 2314 1682 2353 quo
1713 2299 1847 2354 magis
1868 2299 2015 2364 digitur
2054 2299 2241 2354 intellegi
2270 2299 2398 2353 possit
2428 2312 2558 2353 quan-

298 2377 388 2417 tum
418 2376 596 2417 valuerit
627 2379 835 2429 poetarum
869 2390 1002 2418 sermo
1033 2378 1084 2418 ad
1116 2378 1359 2430 scriptorum
1391 2376 1660 2418 elocutionem
1693 2377 2042 2422 conformandam,
2075 2376 2296 2430 diligenter
2326 2375 2557 2429 expenden-

298 2451 398 2492 dum
429 2451 608 2497 videtur.
640 2451 738 2504 quid
769 2452 986 2505 scriptores
1018 2468 1039 2494 e
1070 2455 1285 2506 poetarum
1316 2454 1358 2495 et
1389 2450 1568 2505 priorum
1600 2453 1641 2494 et
1672 2454 1809 2494 aetate
1841 2464 2060 2505 supparum
2092 2465 2166 2494 usu
2199 2454 2240 2494 et
2271 2450 2556 2494 familiaritate.

296 2527 522 2569 hauserint.
586 2541 714 2581 neque
755 2528 864 2570 enim
901 2528 1002 2571 satis
1043 2531 1106 2571 est
1145 2528 1304 2571 codices
1342 2531 1382 2570 et
1421 2527 1546 2571 libros
1587 2541 1710 2571 manu
1753 2527 1925 2582 scriptos
1965 2528 2202 2582 inspexisse,
2256 2527 2328 2570 sed
2370 2527 2556 2569 veterum

297 2603 424 2645 etiam
456 2603 695 2645 testimonia
736 2607 920 2645 auctores
950 2604 1179 2646 imitatores
1210 2603 1444 2645 consulendi
1476 2608 1590 2653 sunt,
1634 2618 1726 2647 cum
1764 2605 1815 2646 (le
1857 2604 1997 2647 critico
2038 2605 2237 2658 adparatu
2268 2617 2390 2658 quam
2421 2603 2556 2657 perfe-

296 2670 480 2720 ctissimo
513 2679 665 2732 agitur.
728 2680 833 2731 quod
874 2681 907 2721 si
949 2692 1043 2722 vero
1074 2679 1312 2722 testimonia
1343 2682 1385 2722 et
1414 2680 1644 2722 imitatores
1676 2693 1804 2734 pauca
1835 2680 1990 2722 habent
2020 2693 2121 2733 quae
2154 2679 2283 2733 possis
2325 2679 2554 2732 decerpere.

295 2756 481 2797 auctores
503 2768 675 2808 quorum
697 2754 963 2798 elocutionem
986 2755 1091 2798 alius
1122 2756 1326 2810 quispiam
1354 2758 1516 2798 secutus
1542 2767 1660 2797 suum
1683 2754 1812 2810 ipsius
1834 2767 1963 2807 genus
1991 2754 2150 2797 dicendi
2173 2754 2441 2798 conformavit
2461 2755 2556 2796 ante

295 2831 431 2870 omnia
465 2831 505 2870 in
538 2830 753 2871 consilium
786 2831 952 2871 vocandi
986 2838 1093 2873 sunt.
1157 2845 1236 2883 qua
1273 2832 1315 2872 in
1357 2845 1399 2873 re
1436 2835 1648 2884 postquam
1682 2843 1774 2872 cum
1807 2831 1979 2871 aliorum
2012 2834 2099 2872 tum
2132 2830 2450 2884 diligentissima
2479 2829 2553 2870 Ed.

297 2906 604 2953 Woelffliniffl»
652 2911 774 2959 atque
816 2908 866 2947 A.
900 2907 1174 2959 Draegeriw)
1221 2921 1342 2960 opera
1387 2908 1437 2949 ad
1477 2907 1609 2949 Taciti
1653 2905 1924 2948 elocutionem
1962 2908 2147 2948 accurate
2190 2903 2477 2960 explorandam
2508 2919 2555 2948 ac

418 3130 464 3164 ¹²!
489 3129 751 3163 „labresbericht
779 3130 863 3163 iiber
889 3130 1042 3164 'lucitus
1070 3130 1198 3164 Philol.
1226 3129 1321 3162 XXV
1352 3141 1381 3173 1³·
1409 3132 1452 3162 5⁹2
1479 3142 1552 3173 sqq.
1604 3129 1716 3162 XXVI
1748 3141 1778 3171 p.
1805 3130 1850 3161 923
1876 3140 1948 3170 sqq.

417 3211 464 3242 ‘³'
492 3209 606 3243 {Vener
632 3211 760 3253 syntax
790 3208 859 3242 und
887 3209 955 3242 Stil
980 3210 1040 3242 des
1066 3209 1218 3244 Tacitus.
1276 3210 1387 3251 Leipz.
1418 3211 1517 3244 1808.
