2865 3681
1412 285 1452 325 ὅ

308 434 350 464 se
380 422 423 464 in
455 423 715 466 conficiendis
745 422 930 465 versibus
961 423 1202 466 collocatum
1233 425 1563 478 comprobaretur
1594 422 1676 471 (IX
1712 423 1776 471 14,
1814 422 1882 475 1),
1915 422 2012 476 quin
2044 422 2170 464 etiam
2201 434 2328 476 aeque
2359 434 2407 464 ac
2437 421 2561 464 Taci-

307 499 396 541 tum
427 511 469 541 se
500 498 671 554 dignum
693 498 786 540 'fore
818 511 1006 552 sperans,
1048 500 1163 541 cuius
1194 500 1391 542 memoria
1427 500 1478 542 ad
1522 499 1804 553 posteritatem
1835 498 2090 552 perveniret,
2133 510 2293 540 summa
2330 497 2558 551 cupiditate

306 573 460 627 gloriae
500 587 547 617 ac
586 573 720 616 laudis
760 573 975 628 flagrabat.
1037 574 1080 616 id
1120 575 1226 629 quod
1256 575 1398 618 multis
1434 575 1702 630 epistularum
1742 574 1841 616 locis
1882 574 2112 616 confirmari
2143 575 2294 629 potest,
2337 573 2381 615 in
2411 573 2559 628 quibus

306 652 447 691 auctor
475 651 649 704 gloriam
681 661 760 690 non
791 652 877 691 tam
909 651 1062 692 virtute
1091 651 1240 693 bellica
1270 664 1392 704 quam
1422 652 1656 694 litterarum
1687 653 1923 693 ornamento
1954 651 2019 691 vel
2050 651 2319 692 humanitatis
2346 649 2560 703 splendore

306 728 348 768 et
377 726 646 769 beneficentia
676 710 837 778 partam
867 727 1085 780 praecipua
1094 727 1235 785 slaude
1265 728 1358 770 fert.
1419 728 1620 770 exclamat
1650 727 1809 768 Plinius
1841 727 1898 767 m
1932 728 2001 773 21,
2034 728 2085 767 ὃς
2119 726 2220 778 qm'd
2249 727 2404 767 homini
2428 729 2561 778 potest

305 802 404 845 dari
433 804 571 845 vnaius
599 815 723 856 quam
752 801 885 855 ylmia
916 807 952 844 et
982 803 1074 844 laus
1102 808 1139 844 et
1168 805 1423 846 aecer-ninas?
1484 805 1525 845 in
1565 800 1661 845 libri
1697 802 1831 857 quinti
1871 802 2047 856 epistula
2087 804 2231 844 octava
2261 802 2361 844 haec
2392 801 2558 855 scripsit

305 878 486 919 Plinius:
535 879 638 919 mila·
662 877 884 930 yndclmwm
914 880 957 919 ‘iv
983 881 1141 931 smmis
1170 880 1331 921 ridetur
1360 894 1437 922 non
1464 882 1560 934 pati
1590 881 1766 921 oct-idere
1805 880 1952 933 quibus
1981 880 2203 919 aem-«nitas
2232 878 2422 919 debeatur
2458 878 2561 919 ‹1750-

310 969 481 1008 rumque
507 956 671 1006 favosa-m
702 968 792 995 eum
823 969 898 1005 sua
930 956 1151 1006 offendere,
1195 958 1237 997 et
1268 957 1310 997 in
1340 951 1448 998 libri*
1466 957 1560 998 noni
1593 956 1768 1009 epistula
1798 957 1922 998 tertia
1954 956 2005 997 ad
2038 954 2255 997 Paulinum
2287 955 2430 995 missa:
2490 968 2560 1006 eqo

305 1030 581 1073 beatsssimum
612 1029 799 1073 existimo
839 1031 910 1084 qui
940 1031 1063 1074 lamae
1092 1046 1390 1087 mansuraeque
1428 1035 1571 1087 fernae
1603 1034 1939 1086 maesnmptimve
1971 1033 2210 1086 ym‘fmv'tm·
2247 1034 2451 1084 (wius-que
2483 1043 2559 1082 po—

303 1108 503 1148 efferitatis
532 1119 620 1146 eum
649 1108 794 1157 farma
824 1107 957 1160 yloria
988 1109 1101 1149 vimi.
1163 1121 1236 1150 nec
1266 1121 1361 1150 vero
1392 1109 1572 1151 dubitari
1594 1111 1729 1163 potest
1758 1109 1854 1162 quin
1886 1109 1961 1149 hoc
1982 1108 2165 1149 studium
2188 1108 2220 1148 si
2244 1120 2289 1148 ex
2311 1107 2446 1148 animo
2478 1106 2559 1146 im·

306 1195 406 1236 puro
437 1182 592 1223 oriatur
622 1182 922 1235 vituperatione
953 1184 1088 1237 potius
1119 1197 1241 1237 quam
1263 1185 1381 1226 laude
1403 1185 1576 1240 dignum
1597 1186 1666 1234 sit,
1699 1184 1878 1239 idpquod
1909 1185 2043 1225 nescio
2075 1197 2126 1225 an
2157 1184 2199 1224 in
2222 1183 2402 1224 Plinium
2424 1182 2558 1229 cadat,

308 1259 376 1312 qui
409 1258 540 1299 Taciti
572 1258 759 1299 amicitia
789 1261 909 1312 atque
941 1259 1224 1302 familiaritate
1266 1261 1317 1302 ad
1349 1261 1682 1316 amplificandum
1714 1273 1831 1302 suum
1876 1261 2003 1315 ipsius
2035 1261 2226 1302 honorem
2258 1258 2420 1301 videtur
2461 1270 2559 1298 usus

307 1348 407 1383 esse,
439 1347 531 1375 cum
563 1347 656 1376 eum
688 1337 851 1388 rogaret
880 1338 927 1376 ut
957 1336 1138 1377 historiis
1180 1338 1262 1377 suis
1303 1351 1402 1389 quas
1432 1338 1688 1394 immortales
1716 1338 1875 1379 futuras
1906 1350 1992 1378 esse
2023 1338 2294 1390 auguraretur
2333 1336 2558 1376 orationem

306 1410 511 1463 quandam
542 1410 791 1451 causidicam
823 1411 1020 1453 insereret
1052 1412 1150 1462 (vu
1185 1416 1252 1458 33,
1291 1414 1401 1465 1).⁶)
1461 1414 1567 1466 quod
1599 1413 1708 1454 idem
1740 1413 1976 1454 Ciceronem
2008 1412 2172 1465 quidem
2214 1410 2445 1453 incredibili
2487 1423 2560 1451 cu·

305 1486 480 1539 piditate
521 1485 733 1528 ardentem
770 1489 817 1528 ut
857 1488 984 1541 ipsius
1025 1502 1170 1530 nomen
1213 1490 1486 1531 illustraretur
1526 1493 1567 1531 et
1606 1490 1880 1530 celebraretur
1921 1489 1965 1528 L.
2007 1488 2170 1529 Lucceii
2210 1487 2371 1541 scriptis
2416 1486 2560 1528 fecisse

307 1565 467 1604 constat
498 1576 544 1604 ex
576 1564 751 1616 epistula
782 1564 834 1605 ad
864 1565 982 1605 illum
1014 1566 1139 1607 missa
1169 1566 1238 1617 (ad
1269 1567 1366 1608 fam.
1399 1568 1434 1607 V
1459 1568 1543 1617 12),
1576 1567 1618 1607 in
1649 1579 1726 1619 qua
1755 1566 1971 1607 Lucceium
2002 1578 2137 1607 rerum
2168 1565 2408 1618 scriptorem
2438 1575 2561 1615 roga-

307 1641 379 1682 bat
410 1641 456 1682 ut
487 1640 536 1682 de
567 1641 687 1682 rebus
719 1641 760 1682 in
792 1642 1003 1684 consulatu
1045 1644 1096 1684 ab
1134 1643 1220 1696 ipso
1257 1644 1384 1695 gestis
1415 1646 1456 1685 et
1487 1643 1536 1686 de
1568 1643 1687 1685 exilio
1718 1642 1930 1696 redituque
1962 1641 2214 1696 singularem
2245 1627 2559 1694 separatumque

307 1716 458 1757 librum
510 1716 737 1758 conticeret.
815 1717 885 1759 sed
916 1718 1130 1760 redeamus
1161 1719 1213 1760 ad
1244 1720 1506 1773 propositum.
1575 1719 1794 1761 dolendum
1834 1721 1898 1761 est
1936 1730 2010 1759 nos
2050 1718 2238 1772 ignorare
2283 1720 2423 1769 ‘quam
2469 1715 2561 1757 dul·

308 1792 394 1840 cia,
440 1805 562 1844 quam
608 1793 814 1842 amantia,
861 1807 983 1846 quam
1029 1796 1196 1847 arguta'
1246 1795 1370 1836 Plinii
1416 1795 1596 1837 carmina
1637 1795 1790 1836 fuerint
1836 1789 1938 1847 quae
1975 1793 2194 1846 Calpurnia
2234 1805 2332 1833 uxor
2381 1791 2563 1833 cantavit

308 1866 577 1920 formavitque
624 1867 782 1909 cithara
828 1868 909 1920 (IV
944 1870 1010 1917 19,
1042 1870 1115 1920 4),
1157 1870 1304 1923 quibus
1334 1870 1403 1912 ille
1434 1871 1475 1911 in
1507 1870 1714 1918 vehiculo,
1762 1869 1805 1910 in
1835 1869 2015 1917 balineo,
2057 1869 2164 1910 inter
2209 1879 2353 1910 cenam
2383 1865 2562 1908 oblectat

308 1943 437 1983 otium
468 1943 663 1996 temporis
695 1944 775 1991 (IV
810 1945 876 1992 14,
910 1946 965 1996 2).
1027 1959 1239 2000 prospera,
1271 1946 1410 1999 opinor
1426 1980 1435 1991 .
1465 1947 1628 1988 fortuna
1658 1946 1814 1988 factum
1845 1947 1908 1987 est
1936 1958 1987 1987 ne
2018 1945 2118 1986 haec
2148 1943 2223 1985 otii
2263 1942 2564 1985 oblectamenta

454 2131 485 2174 6)
512 2131 769 2171 Quaerentibus
795 2132 895 2166 nobis
919 2142 1006 2176 quae
1032 2133 1250 2167 necessitudo
1275 2133 1367 2167 inter
1390 2133 1553 2168 Tacitum
1580 2137 1615 2167 et
1640 2132 1798 2167 Plinium
1823 2131 2058 2166 intercessisse
2084 2130 2241 2176 putanda
2267 2130 2331 2169 sit,
2367 2139 2405 2163 ex
2431 2129 2564 2173 epistu-

312 2187 354 2221 lis
379 2188 423 2222 ad
449 2188 609 2222 Tacitum
636 2190 753 2223 missis
778 2190 867 2225 «luae
892 2190 976 2225 illae
1001 2191 1068 2235 (VI
1098 2192 1140 2225 16
1166 2196 1201 2225 et
1226 2191 1285 2232 20)
1310 2195 1505 2232 occurrunt,
1531 2192 1565 2225 in
1591 2191 1719 2236 quibus
1743 2190 1883 2225 Plinius
1907 2192 2049 2232 rogatus
2074 2189 2117 2223 de
2142 2189 2237 2224 exitu
2261 2187 2426 2222 avunculi
2450 2186 2564 2220 homi-

310 2246 366 2279 nis
390 2257 429 2280 ex
454 2247 498 2281 iis
521 2249 581 2292 qui
607 2259 646 2283 eo
671 2252 828 2292 tempore
853 2251 953 2283 erant
977 2248 1171 2284 doctissimi
1202 2250 1358 2285 narravit
1390 2260 1498 2293 eaque
1523 2250 1682 2294 exposuit
1713 2261 1802 2295 quae
1827 2250 1901 2294 ipse
1926 2260 1965 2284 ex
1991 2249 2133 2283 Vesuvii
2159 2247 2319 2282 incendio
2343 2257 2423 2280 cum
2447 2248 2561 2279 matre

310 2303 436 2339 Miseni
467 2305 682 2349 pertulisset.
731 2318 810 2342 cum
836 2318 875 2341 ex
899 2306 955 2341 his
980 2307 1160 2351 epistulis,
1191 2317 1280 2352 quae
1311 2317 1393 2343 sane
1425 2308 1643 2352 gravissimis
1679 2308 1904 2343 monimentis
1940 2318 1980 2343 ex
2015 2305 2242 2351 antiquitatis
2267 2305 2391 2349 opibus
2429 2302 2563 2338 relictis

313 2362 592 2400 adnumerandae
616 2369 709 2406 sunt,
735 2369 811 2401 tum
837 2376 876 2402 ex
903 2365 1047 2411 reliquis
1072 2366 1234 2411 epistulis
1259 2367 1293 2412 (Ι
1309 2368 1341 2403 6.
1360 2367 1417 2403 20.
1451 2367 1501 2402 IV
1520 2368 1573 2402 13.
1609 2367 1707 2402 v19.
1740 2367 1806 2402 VII
1833 2367 1887 2402 20.
1907 2367 1963 2400 33.
1997 2365 2081 2400 vm
2108 2366 2138 2400 7.
2173 2364 2221 2398 D(
2249 2364 2301 2398 lo.
2328 2364 2389 2408 14)
2414 2361 2563 2406 adparet

306 2432 447 2458 summa
471 2424 630 2460 amicitia
646 2436 686 2460 ae-
703 2425 945 2465 familiaritate
963 2429 1149 2470 utrumque
1167 2426 1390 2461 coniunctum
1407 2427 1525 2467 fuisse,
1550 2437 1639 2472 quae
1658 2426 1833 2460 communi
1850 2425 2049 2460 litterarum
2066 2422 2183 2458 studio
2198 2421 2338 2457 w'detur
2353 2422 2458 2456 aucta
2474 2429 2562 2454 esse.

314 2481 474 2524 quamvis
498 2474 610 2524 igitur
634 2483 795 2519 dubitare
820 2496 888 2518 non
913 2484 1102 2527 possimus,
1127 2484 1212 2528 quin
1239 2484 1379 2520 Plinius
1402 2497 1482 2520 cum
1506 2496 1563 2520 eos
1586 2485 1695 2520 libros
1718 2496 1804 2529 quos
1832 2483 1975 2519 Tacitus
1999 2485 2115 2517 aetate
2139 2480 2243 2525 paulo
2271 2479 2467 2524 provectior
2491 2479 2564 2512 iam

311 2536 347 2570 in
372 2536 486 2573 lucem
510 2541 706 2583 protulerat
731 2561 775 2567 -—
801 2541 1026 2576 historiarum
1049 2541 1132 2576 libri
1157 2542 1251 2577 intra
1282 2553 1412 2577 annum
1438 2542 1701 2587 nonagesimum
1725 2543 1887 2576 octavum
1920 2541 1954 2574 et
1987 2549 2117 2573 annum
2142 2536 2373 2572 centesimum
2396 2535 2563 2581 quintum

312 2598 347 2628 et
371 2595 545 2631 decimum
569 2599 709 2634 recitati
734 2603 769 2633 et
794 2600 830 2633 in
855 2599 982 2642 vulgus
1007 2599 1093 2634 editi
1118 2602 1201 2633 sunt
1238 2620 1282 2625 —
1321 2602 1398 2634 tum
1423 2600 1602 2635 Taciteam
1627 2599 1856 2634 elocutionem
1892 2608 1997 2642 quam
2023 2597 2156 2631 imitari
2189 2597 2221 2631 ei
2245 2596 2376 2630 licebat
2400 2598 2564 2630 accurate

311 2654 464 2695 noverit,
503 2657 620 2691 tamen
659 2658 868 2702 paucissima
901 2660 1039 2693 exstant
1070 2669 1088 2693 e
1118 2657 1246 2702 quibus
1270 2656 1434 2702 colligere
1466 2658 1550 2693 licet
1574 2660 1744 2702 quantum
1769 2655 1920 2691 valuerit
1944 2654 2088 2690 Tacitea
2113 2653 2280 2699 loquendi
2303 2653 2394 2689 ratio
2419 2652 2464 2688 ad
2488 2651 2566 2688 Pli-

311 2712 420 2753 nium,
446 2724 552 2757 quam
576 2725 649 2750 rem
675 2727 714 2750 eo
739 2717 852 2760 magis
876 2717 1045 2751 miramur
1069 2716 1160 2761 quod
1184 2716 1334 2756 Plinius,
1358 2726 1438 2750 cum
1463 2716 1537 2760 ipse
1562 2715 1598 2749 in
1622 2715 1821 2749 litterarum
1845 2714 1974 2748 studiis
1998 2716 2207 2754 versaretur,
2232 2712 2425 2757 diligenter
2446 2712 2563 2746 Taciti

313 2773 424 2806 artem
449 2782 554 2816 quain
579 2778 706 2809 vocant
731 2774 926 2820 explorasse
952 2774 1157 2810 iudicandus
1181 2776 1245 2810 est.
1293 2773 1362 2808 huc
1386 2772 1565 2817 pertinent
1589 2782 1630 2808 ea
1654 2772 1760 2807 verba
1783 2781 1872 2816 quae
1897 2770 2014 2806 Germ.
2042 2772 2061 2805 7
2088 2771 2273 2816 leguntur:
2316 2770 2436 2813 „unde
2464 2769 2566 2806 femi-

311 2840 435 2864 narum
465 2830 624 2866 ululatus
655 2833 788 2875 audiri,
825 2834 916 2869 unde
940 2834 1083 2877 vagitus
1108 2832 1332 2867 infantiuiu.''
1392 2831 1516 2865 iisdem
1548 2831 1618 2865 fere
1652 2830 1766 2864 verbis
1790 2829 1930 2864 Plinius
1967 2831 2003 2863 in
2040 2840 2081 2864 ea
2112 2840 2218 2875 quam
2248 2830 2291 2864 de
2317 2830 2459 2864 Vesuvii
2485 2841 2565 2863 con-

311 2888 517 2932 flagratione
541 2888 586 2923 ad
614 2890 777 2926 Tacitum
802 2892 944 2935 scripsit
968 2891 1121 2935 epistula
1150 2890 1219 2935 (VI
1245 2890 1302 2930 20,
1332 2890 1409 2932 14):
1453 2888 1620 2930 „audires
1653 2887 1810 2923 ululatus
1843 2887 2071 2928 feminarum,
2109 2887 2300 2923 infantium
2330 2888 2533 2932 quiritatus.
2544 2887 2565 2899 '⁸

312 2946 440 2991 quibus
465 2947 580 2982 verbis
605 2949 678 2983 veri
702 2949 818 2984 simile
843 2952 897 2984 est
921 2948 1077 2983 Plinium
1104 2948 1219 2983 Taciti
1242 2947 1406 2993 loquendi
1431 2947 1601 2982 rationem
1626 2946 1777 2981 voluisse
1811 2945 1954 2981 imitari.
2003 2956 2113 2991 neque
2138 2947 2232 2982 enim
2263 2946 2348 2981 licet
2381 2947 2561 2991 suspicari.

313 3004 474 3040 Tacitum
501 3015 540 3039 ex
565 3004 676 3042 Plinii
701 3007 855 3052 epistula
879 3018 920 3042 ea
944 3008 1052 3042 verba
1076 3006 1349 3051 deprompsisse,
1386 3015 1465 3039 curn
1490 3003 1719 3049 epistularum
1745 3003 1876 3038 librum
1912 3006 2049 3038 sextum
2087 3014 2178 3039 anno
2209 3003 2350 3039 demum
2375 3004 2566 3039 centesimo

313 3066 421 3102 sexte,
447 3066 525 3097 octo
550 3064 662 3108 igitur
687 3067 788 3100 annis
813 3069 892 3111 post
917 3077 1023 3111 quam
1035 3065 1243 3100 Germaniae
1267 3065 1357 3098 liber
1380 3064 1596 3108 conscriptus
1620 3065 1684 3101 est,
1709 3063 1746 3095 in
1770 3062 1885 3095 lucem
1902 3062 2037 3095 editum
2063 3072 2137 3095 esse
2162 3066 2317 3097 constet<
2350 3062 2443 3106 quod
2468 3073 2566 3105 prae·

312 3124 409 3157 terea
426 3120 566 3157 Plinius
584 3134 637 3167 ep.
656 3123 705 3159 IX
726 3126 786 3166 10,
807 3125 847 3160 2;
874 3126 996 3166 „inter
1020 3135 1162 3160 nemora
1186 3126 1222 3159 et
1245 3121 1370 3158 lucos''
1396 3120 1497 3162 dixit,
1522 3132 1641 3156 rursus
1657 3119 1771 3156 Taciti
1789 3120 1992 3156 memoriam
2013 3120 2151 3156 videtur
2166 3119 2317 3156 voluisse
2334 3120 2493 3156 retinere.
2534 3120 2567 3155 is

315 3181 409 3216 enim
432 3180 507 3216 illis
533 3182 649 3217 verbis
672 3194 775 3229 saepe
800 3185 929 3224 utitur,
955 3184 1000 3220 ct'.
1025 3183 1109 3220 dial.
1136 3185 1169 3216 9.
1198 3183 1252 3219 12.
1285 3181 1402 3218 Germ.
1428 3182 1462 3216 9.
1488 3181 1544 3216 10.
1570 3181 1632 3216 45:
1668 3189 1754 3224 quos
1779 3178 1873 3214 locos
1899 3179 2119 3215 Woelfflinus
2142 3179 2272 3215 Philol.
2297 3179 2411 3214 XXVI
2437 3189 2471 3223 p.
2499 3178 2563 3213 121

314 3239 451 3275 attulit.
501 3239 625 3275 deinde
650 3242 989 3278 commemorandum
1015 3243 1069 3276 est
1093 3252 1135 3277 ea
1158 3252 1246 3286 quae
1271 3240 1343 3275 dixi
1368 3240 1474 3275 verba
1497 3239 1584 3274 item
1609 3238 1645 3272 in
1670 3238 1823 3281 epistula
1847 3239 1892 3274 ad
1918 3239 2080 3275 Tacitum
2105 3239 2190 3275 data
2214 3239 2372 3274 inveniri.
