2865 3681
290 479 369 521 XII
401 479 469 521 22.
501 479 602 534 Agr.
641 479 707 521 16.
770 478 998 522 suadere
1030 478 1081 522 de
1112 479 1233 522 rebus
1264 478 1454 520 inanimis
1487 477 1545 518 ΠΙ
1580 477 1624 525 7,
1667 477 1693 517 6
1734 478 1795 518 ita
1825 476 2089 520 suadentibus
2119 479 2260 530 annis,
2303 479 2361 521 IV
2393 481 2433 531 9,
2471 481 2535 523 10.

290 540 359 589 24,
391 540 431 580 3.
472 537 534 580 IX
564 539 641 589 36,
674 539 715 579 3.
748 536 964 580 innumera
996 538 1078 581 fere
1109 539 1204 580 sunt
1234 536 1414 589 exempla
1444 536 1657 577 verborum
1689 547 1735 576 ex
1766 537 1978 588 poetarum
2009 536 2298 579 consuetudine
2329 537 2388 579 ita
2418 551 2535 580 usur-

287 599 491 652 patorum,
521 598 569 639 ut
599 610 664 641 res
695 597 905 640 inanimae
938 611 972 640 e.
1004 611 1038 640 c.
1071 597 1135 639 vel
1166 596 1338 637 invitare
1369 594 1422 648 (V
1455 595 1499 644 6,
1544 595 1607 635 15.
1640 606 1734 647 pan.
1768 595 1841 644 49,
1885 595 1924 647 1)
1956 594 2020 637 vel
2051 595 2196 639 laetari
2226 596 2280 650 (V
2312 599 2358 646 6,
2398 598 2440 649 2)
2473 598 2537 640 vel

288 657 439 700 sentire
471 657 628 712 aliquid
660 657 722 713 (Π
760 657 826 708 17,
859 658 928 698 22.
961 656 1058 698 VIII
1090 657 1158 705 20,
1191 656 1230 695 4.
1262 654 1320 694 IX
1356 654 1393 703 7,
1426 654 1475 701 4)
1508 653 1572 695 vel
1605 653 1758 695 imitari
1790 654 1842 707 (V
1875 655 1914 703 6,
1949 655 2020 708 22)
2053 654 2256 697 dicantur.
2303 655 2428 698 etiam
2459 656 2536 699 loci

287 715 496 758 hominem
528 716 735 770 possidere
767 716 810 769 (Ι
846 717 911 765 16,
948 718 983 756 1.
1016 717 1055 764 3,
1089 718 1137 765 2)
1169 714 1210 754 et
1240 712 1384 765 partiri
1416 712 1455 764 (1
1490 714 1529 761 3,
1568 713 1606 764 1)
1637 725 1661 753 a
1682 712 1814 754 Plinio
1846 712 2050 763 dicuntur,
2081 715 2129 756 ut
2159 715 2267 768 apud
2290 715 2411 769 Verg.
2445 728 2534 758 aen.

287 773 344 815 IV
378 775 478 816 285.
512 775 611 817 VIII
644 776 698 816 20
738 773 946 815 dividendi
977 773 1143 814 verbum
1181 770 1345 824 legitur.
1408 770 1645 811 stridere
1688 770 1744 811 IX
1778 772 1852 820 26,
1892 772 1916 812 4
1948 772 2130 814 stridunt
2155 775 2293 826 funes,
2333 774 2383 815 cf.
2417 772 2534 815 Ovid.

288 834 388 875 met.
421 833 480 874 IX
517 835 595 875 171
632 835 673 876 et
703 845 821 885 saepe
851 831 958 884 apud
989 833 1141 884 poetas.
1205 832 1452 882 strepere
1489 828 1538 871 de
1570 829 1668 870 rivis
1704 829 1734 871 V
1769 831 1808 878 6,
1842 832 1896 872 40
1936 832 1980 872 ut
2011 831 2118 885 apud
2152 832 2249 874 Hor.
2281 833 2346 876 od.
2378 833 2433 874 IV
2470 834 2534 883 12,

289 892 317 934 4
348 891 400 935 (10
431 891 567 934 fluviis
597 891 753 934 dictum
783 890 857 933 est.
919 887 1135 931 sublabi
1167 887 1219 930 ad
1252 887 1361 930 Trai.
1398 888 1450 929 70
1484 887 1605 942 (75),
1643 889 1660 928 l
1695 902 1799 942 quae
1828 895 1923 930 sunt
1955 894 2145 931 vetustate
2173 892 2387 945 sublapsa,
2429 892 2536 933 rela—

289 955 438 994 xentur
468 952 510 993 in
542 951 696 1001 melius,
737 951 780 990 ut
810 948 919 1003 apud
949 948 1073 1003 Verg.
1106 959 1193 988 aen.
1228 947 1305 986 XII
1339 948 1425 987 684
1458 952 1529 988 unt
1560 949 1682 989 annis
1709 948 1826 989 solvit
1855 948 2051 1001 sublapsa
2081 953 2268 991 vetustas.
2331 963 2535 992 sumere

290 1013 497 1065 tempus
529 1011 556 1051 i.
588 1023 625 1065 q.
658 1012 819 1063 tempus
850 1006 1047 1049 conviviis
1079 1005 1326 1060 impendere,
1359 1006 1420 1047 111
1448 1008 1482 1055 1,
1507 1008 1532 1048 9
1564 1008 1689 1049 sumit
1719 1007 1881 1061 aliquid
1912 1007 1961 1049 de
1991 1013 2096 1051 nocte
2124 1012 2161 1050 et
2190 1014 2352 1061 aestate,
2385 1008 2443 1051 IX
2466 1010 2535 1059 40,

290 1071 316 1111 2
347 1070 520 1112 multum
550 1070 599 1112 de
628 1073 736 1112 nocte
769 1103 776 1110 .
813 1103 820 1110 .
853 1069 1044 1119 sumitur,
1078 1067 1128 1109 cf.
1162 1066 1254 1108 Ter.
1288 1064 1366 1107 Ad.
1400 1065 1432 1106 V
1468 1067 1507 1109 4.
1542 1066 1608 1107 68.
1641 1066 1738 1108 Hor.
1771 1066 1835 1108 od.
1868 1065 1885 1108 Ι
1923 1067 1958 1118 1,
1987 1067 2056 1110 20.
2117 1080 2339 1123 surgere
2370 1082 2416 1112 ea
2446 1068 2536 1112 loca

288 1128 480 1171 dicuntur
509 1141 611 1182 quae
642 1128 707 1171 vel
738 1129 909 1178 exstant,
943 1126 1125 1170 eminent
1156 1126 1296 1180 (Verg.
1330 1138 1419 1167 aen.
1457 1126 1470 1166 1
1505 1127 1606 1180 448)
1638 1126 1701 1169 vel
1734 1126 1933 1180 incipiunt
1962 1127 2108 1170 altiora
2139 1129 2369 1182 conspicere
2401 1129 2534 1184 (Ovid.

285 1190 384 1230 met.
416 1187 435 1229 1
467 1187 683 1241 345):·VI
719 1188 785 1237 16,
822 1188 886 1228 14.
920 1186 972 1229 ad
994 1186 1104 1228 Trai.
1139 1187 1192 1226 49
1225 1187 1329 1238 (58),
1369 1186 1402 1225 l.
1465 1185 1743 1239 suscipere
1776 1186 1935 1240 propria
1966 1187 2264 1241 significatione
2296 1190 2535 1242 usurpatum

285 1247 321 1288 V
353 1249 393 1297 6,
427 1248 482 1288 24
514 1261 624 1302 aqua
654 1251 843 1299 suscepta
874 1260 1089 1296 marmore,
1123 1245 1177 1286 ib.
1211 1245 1265 1284 36
1297 1248 1439 1286 cavato
1469 1244 1611 1296 lupide
1640 1247 1873 1298 smee'pitur,
1907 1246 1956 1286 cf.
1982 1247 2103 1300 Verg.
2125 1259 2213 1288 aen.
2242 1247 2293 1287 Vl
2317 1248 2414 1288 248.
2447 1249 2535 1289 tum

284 1318 356 1360 pro
386 1305 628 1348 ‘suffulcire'
659 1305 712 1348 ad
744 1304 854 1347 Trai.
888 1306 942 1346 39
976 1305 1081 1360 (48),
1116 1306 1139 1345 2
1169 1303 1353 1357 fulturae
1383 1316 1432 1345 ac
1462 1305 1770 1346 suesti-actiones·
1801 1306 1945 1358 qm'lms
1975 1305 2218 1359 (theatrum)
2248 1306 2419 1348 subinde
2446 1321 2536 1349 sus-

283 1366 447 1418 cipitur,
481 1364 532 1407 cf.
566 1365 688 1420 Verg.
721 1376 811 1407 aen.
845 1364 902 1404 XI
937 1365 1022 1404 806
1054 1376 1173 1417 quein
1206 1361 1438 1416 posterioris
1470 1362 1665 1416 temporis
1696 1363 1910 1416 scriptores
1941 1364 2070 1406 secuti
2101 1367 2208 1414 sunt,
2242 1367 2286 1405 ut
2318 1365 2409 1407 Sen.
2445 1366 2533 1406 ben.

284 1423 341 1464 VI
378 1425 443 1474 15,
479 1424 516 1465 7.
550 1424 670 1478 epist.
700 1422 798 1465 XIV
832 1424 873 1473 2,
908 1424 974 1464 25.
1009 1422 1166 1463 Pallad.
1198 1421 1256 1461 IX
1291 1423 1328 1460 2.
1392 1421 1721 1475 suspendere
1757 1423 1791 1461 ll
1826 1424 1893 1471 20,
1927 1425 1951 1462 3
1982 1436 2053 1476 pro
2084 1423 2302 1465 ‘incertum
2333 1423 2532 1474 reddere',

283 1495 363 1536 qua
392 1483 692 1537 significatione
734 1484 809 1523 1100
849 1483 1019 1522 verbum
1060 1484 1148 1534 post
1181 1479 1371 1520 Ovidium
1404 1481 1519 1531 (niet.
1553 1480 1627 1520 Vll
1663 1481 1765 1533 308)
1807 1482 1847 1522 in
1890 1494 2004 1523 usum
2047 1482 2288 1536 scriptorum
2319 1484 2537 1537 argenteae

283 1541 507 1584 latinitatis
537 1541 786 1583 translatum
819 1542 894 1590 est,
928 1540 978 1582 cf.
1011 1539 1122 1582 Suet.
1157 1538 1246 1581 Tib.
1271 1539 1339 1580 24.
1373 1540 1486 1580 Curt.
1514 1538 1584 1580 Vll
1612 1541 1651 1589 4,
1680 1540 1745 1581 14.
1778 1539 1947 1592 Quintil.
1983 1540 2036 1582 IX
2063 1542 2102 1590 2,
2127 1542 2193 1582 22.
2257 1541 2536 1596 suspicere

283 1599 333 1643 de
364 1600 487 1643 rebus
517 1613 620 1655 quae
652 1613 699 1643 ex
729 1599 917 1643 inferiore
950 1599 1035 1641 loco
1069 1597 1348 1652 adspiciuntur
1388 1597 1423 1638 V
1457 1599 1501 1647 6,
1536 1598 1589 1639 38
1627 1598 1894 1652 (cubiculum)
1935 1600 2023 1642 alm
2065 1601 2219 1642 viridia
2260 1602 2538 1655 superioribus

281 1660 625 1715 inferioribusque
654 1660 846 1714 fenestris
880 1660 1051 1712 suspicit
1089 1659 1269 1709 despicit,
1309 1669 1410 1710 quae
1449 1656 1650 1710 scriptura
1681 1657 1779 1699 olim
1811 1659 2041 1712 improbata
2071 1673 2117 1701 ex
2149 1659 2326 1702 editione
2357 1659 2537 1714 principe

283 1721 326 1761 et
357 1718 511 1761 Aldina
551 1719 602 1761 ab
636 1719 762 1761 Henr.
795 1718 931 1760 Keilio
973 1717 1022 1759 de
1066 1716 1187 1757 Plinii
1230 1714 1416 1770 epistulis
1458 1715 1724 1758 emendandis
1767 1717 1781 1758 l
1822 1731 1857 1771 p.
1898 1718 1952 1759 22
1987 1718 2086 1761 bene
2117 1718 2311 1762 restituta
2343 1721 2416 1762 est.
2479 1719 2537 1761 sic

283 1780 428 1832 poetae
469 1778 594 1821 locuti
636 1779 730 1820 sunt
770 1779 816 1820 ut
848 1777 998 1819 Lucan.
1041 1775 1093 1817 Vl
1131 1776 1212 1818 477
1245 1775 1366 1818 ¹'iubes
1406 1777 1588 1828 sus-perit
1620 1776 1841 1830 Olympus,
1885 1776 2002 1818 Ovid.
2042 1778 2138 1820 met.
2172 1778 2211 1819 Il
2244 1778 2326 1819 840
2359 1792 2537 1834 quaeque

284 1842 399 1881 tuam
431 1842 603 1880 matrem
635 1837 750 1880 tellus
780 1851 808 1879 a.
831 1841 957 1892 parte
976 1838 1147 1878 sinistra
1170 1837 1351 1888 suspicit.
1416 1837 1683 1889 temptare
1719 1836 1789 1876 Vll
1816 1838 1855 1885 4,
1881 1837 2050 1888 821lura
2073 1842 2201 1879 metra
2234 1872 2242 1879 .
2277 1871 2286 1880 .
2318 1840 2360 1880 in
2396 1840 2537 1880 itim’re

284 1900 493 1951 temptavi,
527 1897 578 1939 cf.
612 1897 709 1938 Hor.
741 1897 807 1938 od.
840 1896 860 1937 Ι
892 1897 961 1947 28,
994 1897 1034 1937 5.
1071 1895 1123 1936 111
1161 1897 1200 1943 4,
1234 1895 1302 1935 31.
1365 1897 1543 1936 terere
1576 1908 1646 1948 pro
1678 1895 1968 1948 ffrequentare,
2000 1897 2232 1951 frequenter
2262 1895 2392 1940 adire’
2424 1898 2534 1948 124,

284 1957 311 1997 4
341 1971 468 1998 unam
498 1958 686 1999 semitam
717 1960 864 2007 terere,
906 1967 1000 2009 pan.
1034 1956 1103 2004 65,
1137 1957 1186 2003 3;
1228 1953 1278 1995 cf.
1322 1953 1421 1994 Hor.
1455 1953 1569 2007 epod.
1612 1954 1669 1996 IV
1707 1955 1771 1996 14.
1808 1954 1927 2009 Verg.
1959 1968 2096 2010 georg.
2140 1957 2156 1998 1
2188 1957 2285 1999 380.
2320 1956 2436 2000 Ovid.
2469 1969 2535 1999 ars

282 2027 361 2057 am.
394 2015 414 2057 Ι
444 2016 513 2057 52.
547 2014 729 2058 Martial.
763 2015 803 2057 II
839 2014 911 2065 ll,
951 2016 989 2056 2.
1031 2012 1089 2054 111
1124 2015 1197 2063 20,
1242 2014 1291 2054 10
1333 2012 1401 2066 qui
1433 2012 1506 2054 hoe
1540 2013 1708 2056 verbum
1741 2013 1790 2056 de
1822 2013 2024 2068 frequenti
2056 2015 2384 2059 obambulatione
2416 2029 2534 2058 usur-

280 2075 491 2127 paverunt.
554 2074 625 2115 sed
656 2074 783 2115 alium
814 2085 970 2126 quoque
1002 2072 1126 2112 Plinii
1157 2072 1289 2112 locum
1320 2072 1388 2124 qui
1421 2077 1483 2112 est
1514 2085 1604 2124 pan.
1639 2075 1707 2122 50,
1731 2076 1756 2113 3
1790 2087 1857 2114 nee
1889 2076 1972 2115 iam
2004 2074 2323 2118 clarissimorum
2351 2078 2533 2118 virorum

279 2132 532 2185 receptacula
562 2132 787 2175 habitatore
815 2146 928 2172 servo
958 2135 1143 2172 teruntur
1176 2130 1215 2170 in
1248 2129 1427 2171 medium
1461 2130 1636 2182 proferre
1667 2132 1796 2183 potes,
1830 2130 1906 2172 nisi
1930 2132 1984 2174 Io.
2009 2132 2197 2175 Arnzenii
2230 2133 2534 2187 interpretatio-

280 2202 376 2233 nem
414 2193 577 2233 secutus
617 2190 693 2233 1100
729 2190 815 2233 1000
852 2188 1010 2233 terendi
1050 2189 1218 2230 verbum
1251 2201 1274 2230 a
1306 2188 1438 2229 Plinio
1479 2189 1640 2243 propria
1673 2189 1968 2244 significatione
2002 2194 2237 2245 usurpatum
2269 2204 2356 2234 esse
2388 2192 2532 2242 mavis,

281 2262 374 2292 cum
404 2250 483 2293 teri
526 2251 591 2305 (ut
620 2250 775 2292 conteri
817 2249 876 2290 III
914 2250 949 2298 1,
987 2249 1050 2290 11.
1084 2248 1162 2289 VII
1195 2249 1234 2292 5,
1269 2249 1311 2301 2)
1354 2261 1399 2290 ea
1443 2247 1631 2290 dicantur
1673 2261 1774 2302 quae
1817 2253 2127 2303 corrumpuntur
2168 2254 2208 2292 et
2249 2251 2530 2294 absumuntur.

281 2311 499 2363 torpere
531 2309 731 2351 translato
763 2322 882 2351 sensu
914 2309 1023 2350 idem
1056 2308 1167 2349 valet
1207 2307 1309 2360 quod
1343 2308 1424 2349 otio
1456 2307 1663 2361 languere.
1728 2307 1784 2350 sic
1818 2308 1973 2351 Plinius
2004 2324 2095 2363 pan.
2135 2312 2199 2360 18,
2232 2311 2258 2352 3
2290 2310 2339 2354 (10
2370 2311 2531 2362 studiis,

281 2368 404 2424 Verg.
438 2380 577 2424 georg.
620 2369 639 2409 Ι
677 2370 757 2409 124
800 2368 849 2409 (10
891 2368 1028 2422 regnis
1070 2371 1111 2407 et
1144 2366 1280 2407 Livius
1313 2367 1327 2406 l
1362 2367 1441 2416 41,
1475 2368 1513 2408 3.
1562 2367 1611 2406 vl
1649 2367 1727 2415 23,
1762 2370 1786 2406 6
1830 2367 1878 2408 de
1909 2370 2016 2409 senis
2046 2370 2226 2410 consiliis
2258 2370 2332 2411 hoc
2362 2371 2533 2412 verbum

280 2430 591 2481 usurpaverunt.
653 2429 908 2468 truncare
950 2426 1007 2467 IX
1041 2427 1109 2474 39,
1144 2427 1168 2465 4
1212 2438 1281 2477 pro
1312 2425 1533 2478 ὁ1111011011*οἦ
1597 2438 1676 2478 qua
1719 2439 1811 2467 voce
1843 2429 1932 2479 post
1963 2427 2154 2470 Ovidium
2186 2431 2283 2472 met.
2318 2428 2415 2471 VIII
2447 2429 2530 2471 647

281 2486 500 2539 scriptores
531 2486 665 2527 Plinio
706 2485 895 2539 aequales
937 2484 1000 2526 usi
1042 2488 1147 2526 sunt.
1213 2483 1355 2526 tueri
1396 2498 1466 2537 pro
1507 2484 1774 2537 ‘conspicere’
1816 2485 1852 2527 11
1891 2487 1962 2536 11,
1998 2487 2044 2536 7;
2087 2487 2136 2530 cf.
2178 2487 2299 2543 Verg.
2343 2488 2399 2530 IV
2433 2489 2529 2531 362.

280 2543 379 2585 VIII
418 2544 501 2586 265
533 2543 586 2587 al.
647 2546 804 2586 vacat
835 2544 861 2586 i.
895 2557 934 2598 q.
966 2545 1140 2595 tempuS,
1185 2543 1311 2584 otiuin
1345 2545 1425 2593 est,
1468 2544 1629 2597 teinpus
1662 2546 1782 2584 vacat
1813 2544 1829 2584 Ι
1867 2547 1930 2595 10,
1970 2547 2031 2586 11.
2067 2547 2141 2597 22,
2181 2548 2242 2588 11.
2293 2546 2354 2587 ΠΙ
2390 2547 2456 2597 18,
2490 2549 2528 2588 4.

281 2602 380 2645 VII]
415 2604 481 2654 15,
518 2605 553 2645 1.
605 2603 659 2643 IX
696 2604 761 2654 16,
799 2605 816 2644 1
851 2604 964 2645 nobis
994 2603 1136 2644 venari
1166 2615 1242 2643 nou
1276 2606 1409 2652 vacat,
1453 2616 1522 2643 uec
1559 2602 1666 2645 libet.
1707 2602 1755 2643 cf.
1791 2603 1910 2658 Verg.
1950 2616 2038 2646 aen.
2078 2605 2096 2645 1
2134 2606 2232 2647 373.
2272 2605 2388 2647 Ovid.
2421 2606 2529 2647 trist.

279 2661 321 2704 Π
356 2663 393 2713 1,
427 2663 525 2704 216.
586 2674 879 2704 vanescere
911 2663 930 2703 1
963 2666 1002 2706 8.
1047 2663 1109 2703 15.
1144 2661 1200 2701 VI
1237 2662 1307 2710 16,
1340 2662 1365 2701 6
1398 2673 1480 2714 qua
1511 2673 1607 2702 voce
1639 2661 1679 2701 in
1711 2662 1854 2714 primis
1885 2661 2053 2705 Ovidius
2085 2677 2182 2705 usus
2213 2666 2287 2706 est.
2351 2664 2530 2707 velare

284 2723 325 2775 1)
356 2723 382 2765 1.
415 2735 454 2777 q.
489 2724 629 2777 tegere
663 2722 717 2764 VI
751 2723 819 2774 24,
853 2724 878 2764 3
911 2724 957 2763 ut
987 2721 1096 2776 apud
1120 2720 1240 2774 Verg.
1274 2733 1360 2763 aen.
1396 2720 1576 2763 111545.
1612 2719 1640 2761 V
1669 2720 1745 2771 72;
1779 2722 1820 2774 2)
1853 2722 1877 2765 1.
1911 2736 1948 2777 q.
1982 2723 2127 2774 celare,
2159 2723 2404 2768 abscondere
2434 2737 2527 2779 pan.

280 2783 350 2832 56,
387 2783 423 2823 1.
458 2781 551 2824 Sen.
585 2781 707 2835 Hipp.
745 2782 839 2823 721.
904 2782 1135 2824 vendere
1167 2792 1362 2833 poenas
1396 2780 1420 2822 i.
1455 2794 1492 2834 q.
1527 2779 1698 2834 pecunia
1729 2782 1929 2836 corrumpi
1961 2783 2012 2825 ad
2035 2783 2283 2837 puniendum
2317 2784 2355 2825 Il
2393 2785 2457 2835 ll,
2490 2785 2528 2826 5.

278 2840 336 2883 sic
366 2840 543 2884 vendere
574 2840 683 2895 apud
713 2840 836 2896 Verg.
870 2853 959 2883 aen.
992 2840 1050 2881 VI
1083 2840 1180 2881 621.
1229 2839 1365 2882 Iuven.
1399 2839 1436 2881 X
1472 2839 1524 2880 77
1558 2838 1722 2893 legitur.
1787 2841 2015 2896 vigilari
2055 2845 2192 2885 noctes
2233 2843 2422 2886 dicuntur
2453 2843 2531 2885 VII

279 2900 348 2952 27,
382 2900 408 2941 6
439 2901 487 2941 ut
517 2898 628 2954 apud
658 2897 775 2942 Ovid.
807 2900 891 2942 her.
927 2899 1007 2940 XII
1043 2900 1123 2940 169
1156 2903 1283 2941 noctes
1314 2899 1541 2953 viyilantur
1572 2913 1754 2940 unaco-ac.

454 2960 543 3001 Iam
584 2959 835 3002 enumeratis
876 2959 934 3001 eis
975 2959 1110 3001 verbis
1150 2971 1255 3012 quae
1288 2957 1446 2999 Plinius
1483 2960 1696 3011 poetarum
1738 2973 1846 3002 more
1886 2961 2049 3004 videtur
2093 2974 2303 3017 usurpasse
2336 2962 2530 3006 seiunctis

277 3018 471 3060 orationis
508 3019 695 3074 partibus
732 3018 956 3073 sequuntur
997 3018 1255 3060 substantiva
1287 3017 1491 3059 adiectiva
1521 3029 1690 3070 quorum
1729 3021 2075 3062 enumerationem
2108 3024 2271 3076 propter
2301 3023 2425 3077 spatii
2457 3034 2529 3063 an-

276 3078 435 3131 gustias
466 3078 509 3119 in
541 3077 654 3120 aliud
687 3080 849 3131 tempus
881 3077 1065 3120 differam
1084 3083 1097 3104 ¹
1116 3084 1164 3130 ⁷).

423 3194 468 3238 ¹⁷)
493 3193 696 3239 Legendum
723 3198 776 3228 est
801 3204 879 3239 pag.
906 3195 938 3235 2,
964 3194 1026 3229 lin.
1053 3194 1097 3228 27
1125 3195 1218 3235 „veri
1244 3193 1388 3227 siluile’'
1415 3204 1476 3237 pro
1503 3195 1613 3233 „versi
1639 3195 1793 3230 simile''.
